bist_time,price,qty,bid_id,ask_id,
1663743600232709629,19.93,14,7621969089428963922,7621969089429459083
1663743600575170650,19.93,21,7621969089428963922,7621969089429459083
1663743600578194994,19.93,1,7621969089428963922,7621969089429459083
1663743600652958895,19.93,664,7621969089428963922,7621969089429459083
1663743600652958895,19.93,838,7621969089428994749,7621969089429459083
1663743600704343042,19.93,62,7621969089428994749,7621969089429459083
1663743600704343042,19.93,900,7621969089428998300,7621969089429459083
1663743600704343042,19.93,2500,7621969089428998300,7621969089429463731
1663743601130848327,19.93,390,7621969089428998300,7621969089429466996
1663743601130848327,19.93,30,7621969089428998300,7621969089429465018
1663743601130848327,19.93,1000,7621969089428998300,7621969089429465270
1663743601130848327,19.93,30,7621969089428998300,7621969089429466255
1663743601130848327,19.93,50,7621969089428998300,7621969089429466755
1663743601231889855,19.93,200,7621969089428998300,7621969089429469047
1663743601232338028,19.93,2300,7621969089428998300,7621969089429469062
1663743601245783490,19.93,2000,7621969089428998300,7621969089429469344
1663743601245973093,19.92,2,7621969089429469352,7621969089428932409
1663743601245973093,19.92,498,7621969089429469352,7621969089428932409
1663743601248059365,19.93,1600,7621969089428998300,7621969089429469365
1663743601248059365,19.93,700,7621969089428997233,7621969089429469365
1663743601314989438,19.93,2,7621969089428997233,7621969089429470044
1663743601693306204,19.92,83,7621969089429474132,7621969089428932409
1663743601693306204,19.92,2183,7621969089429474152,7621969089428932409
1663743601696629211,19.92,5736,7621969089429474214,7621969089428932409
1663743601696629211,19.92,2500,7621969089429474214,7621969089428932409
1663743601696629211,19.92,900,7621969089429474214,7621969089428932409
1663743601841638484,19.93,100,7621969089428997233,7621969089429475486
1663743601993101076,19.92,1600,7621969089429476477,7621969089428932409
1663743601993101076,19.92,10,7621969089429476477,7621969089429470783
1663743601993101076,19.92,100,7621969089429476477,7621969089429476443
1663743601993101076,19.92,200,7621969089429476477,7621969089429476423
1663743601993101076,19.92,100,7621969089429476477,7621969089429474730
1663743601993101076,19.92,490,7621969089429476477,7621969089428932409
1663743601993101076,19.92,48,7621969089429476482,7621969089428932409
1663743601993101076,19.92,1005,7621969089429476482,7621969089428932409
1663743601993101076,19.92,1447,7621969089429476482,7621969089428932409
1663743601993415832,19.92,7500,7621969089429476482,7621969089428932409
1663743602187744073,19.92,25,7621969089429477086,7621969089428932409
1663743602189175037,19.92,13,7621969089429477086,7621969089428932409
1663743602235416224,19.92,3577,7621969089429477086,7621969089428932409
1663743602235416224,19.92,50,7621969089429477086,7621969089429469618
1663743602235416224,19.92,2500,7621969089429477086,7621969089428932409
1663743602235416224,19.92,252,7621969089429477086,7621969089428932409
1663743602235416224,19.92,3621,7621969089429477086,7621969089428932409
1663743602237055804,19.92,379,7621969089429477086,7621969089428932409
1663743602237055804,19.92,5,7621969089429477086,7621969089429469622
1663743602237055804,19.92,4,7621969089429477086,7621969089428954050
1663743602237055804,19.92,1066,7621969089429477086,7621969089428987978
1663743602237055804,19.92,434,7621969089429477086,7621969089428987978
1663743602237055804,19.92,2,7621969089429477086,7621969089429470045
1663743602237055804,19.92,1000,7621969089429477086,7621969089429465195
1663743602237055804,19.92,429,7621969089429477086,7621969089429468125
1663743602237055804,19.92,71,7621969089429477086,7621969089429468125
1663743602237055804,19.92,5,7621969089429477086,7621969089429466496
1663743602346490837,19.92,65,7621969089429477086,7621969089429478621
1663743602369237369,19.91,1600,7621969089429479729,7621969089429474161
1663743602519177940,19.91,2,7621969089429481371,7621969089429474161
1663743602562508962,19.91,898,7621969089429481371,7621969089429474161
1663743602562508962,19.91,100,7621969089429481371,7621969089429474161
1663743603077418877,19.91,134,7621969089429484977,7621969089429474161
1663743603077418877,19.91,75,7621969089429484977,7621969089429474235
1663743603077418877,19.91,25,7621969089429484977,7621969089429474235
1663743603077418877,19.91,2116,7621969089429484977,7621969089429474235
1663743603077725834,19.91,284,7621969089429484981,7621969089429474235
1663743603077725834,19.91,2500,7621969089429484981,7621969089429474161
1663743603077725834,19.91,2500,7621969089429484981,7621969089429474161
1663743603077725834,19.91,5,7621969089429484981,7621969089429471062
1663743603077725834,19.91,10,7621969089429484981,7621969089429473245
1663743603077725834,19.91,700,7621969089429484981,7621969089428658849
1663743603077725834,19.91,2,7621969089429484981,7621969089429470061
1663743603077725834,19.91,20,7621969089429484981,7621969089428673766
1663743603077725834,19.91,100,7621969089429484981,7621969089428968224
1663743603077725834,19.91,250,7621969089429484981,7621969089429459224
1663743603077725834,19.91,120,7621969089429484981,7621969089429459327
1663743603077725834,19.9,150,7621969089429484981,7621969089429484971
1663743603077725834,19.9,2000,7621969089429484981,7621969089429474248
1663743603077725834,19.9,375,7621969089429484981,7621969089429474252
1663743603077725834,19.9,125,7621969089429484981,7621969089429474252
1663743603077725834,19.9,10,7621969089429484981,7621969089429476153
1663743603077725834,19.9,250,7621969089429484981,7621969089428621019
1663743603077725834,19.9,3,7621969089429484981,7621969089429471922
1663743603077725834,19.9,20,7621969089429484981,7621969089428652548
1663743603077725834,19.9,200,7621969089429484981,7621969089428656007
1663743603077725834,19.9,50,7621969089429484981,7621969089429472970
1663743603077725834,19.9,2,7621969089429484981,7621969089429470115
1663743603077725834,19.9,231,7621969089429484981,7621969089428658853
1663743603077725834,19.9,93,7621969089429484981,7621969089428658853
1663743603938086251,19.91,2500,7621969089429491448,7621969089429491434
1663743604150095055,19.91,2500,7621969089429491467,7621969089429491434
1663743604150095055,19.9,300,7621969089429491467,7621969089429486497
1663743604150095055,19.9,300,7621969089429491467,7621969089429486497
1663743604150095055,19.9,1760,7621969089429492502,7621969089429486497
1663743604553883066,19.92,2,7621969089429477086,7621969089429494513
1663743604554063027,19.9,2640,7621969089429494595,7621969089429486497
1663743604554063027,19.9,48,7621969089429494595,7621969089429492790
1663743604646521218,19.92,1,7621969089429477086,7621969089429495051
1663743604731023335,19.92,1,7621969089429477086,7621969089429495097
1663743604731023335,19.92,1,7621969089429477086,7621969089429495116
1663743604731023335,19.92,1,7621969089429477086,7621969089429495132
1663743604731023335,19.92,1,7621969089429477086,7621969089429495168
1663743604731023335,19.92,1,7621969089429477086,7621969089429495208
1663743604731023335,19.92,995,7621969089429477086,7621969089429495298
1663743604737571196,19.92,2564,7621969089429477086,7621969089429496030
1663743605021924245,19.92,2500,7621969089429477086,7621969089429497688
1663743605099106583,19.92,70,7621969089429477086,7621969089429497688
1663743605425853871,19.92,2430,7621969089429477086,7621969089429497688
1663743605518818530,19.92,1000,7621969089429477086,7621969089429498462
1663743605518818530,19.92,2124,7621969089429477086,7621969089429495298
1663743605799638643,19.92,500,7621969089429477086,7621969089429501062
1663743605799638643,19.92,4311,7621969089429477086,7621969089429495298
1663743605799638643,19.92,2,7621969089429480507,7621969089429495298
1663743605799638643,19.92,25,7621969089429480507,7621969089429495298
1663743605799638643,19.92,188,7621969089429479556,7621969089429495298
1663743605799638643,19.92,100,7621969089429480507,7621969089429495298
1663743605799638643,19.92,500,7621969089429005132,7621969089429495298
1663743605799638643,19.92,59,7621969089429480507,7621969089429495298
1663743605799638643,19.92,1696,7621969089429480507,7621969089429495298
1663743605843527181,19.92,100,7621969089429480507,7621969089429501819
1663743605843527181,19.92,18,7621969089429480507,7621969089429501808
1663743605843527181,19.92,466,7621969089429501221,7621969089429501808
1663743605892113669,19.92,16,7621969089429501221,7621969089429501808
1663743605907892332,19.92,8,7621969089429501221,7621969089429502944
1663743605985707994,19.92,50,7621969089429501221,7621969089429503176
1663743606255909793,19.92,550,7621969089429501221,7621969089429503176
1663743606544890697,19.92,2,7621969089429501221,7621969089429503176
1663743606544971595,19.92,2,7621969089429501221,7621969089429503176
1663743606758202842,19.92,1,7621969089429501221,7621969089429503176
1663743606934428730,19.92,1,7621969089429501221,7621969089429503176
1663743606937062052,19.92,500,7621969089429501221,7621969089429503176
1663743606938149733,19.92,894,7621969089429501221,7621969089429503176
1663743606938149733,19.92,1,7621969089429501221,7621969089429507493
1663743606938149733,19.92,100,7621969089429501221,7621969089429503191
1663743606938149733,19.92,50,7621969089429501221,7621969089429503207
1663743606938149733,19.92,50,7621969089429501221,7621969089429503208
1663743606938149733,19.92,250,7621969089429501221,7621969089429505984
1663743606938149733,19.92,895,7621969089429501221,7621969089429508888
1663743606938149733,19.92,1488,7621969089429501221,7621969089429508912
1663743606944615372,19.92,52,7621969089429501221,7621969089429508912
1663743606959074964,19.92,150,7621969089429501221,7621969089429508912
1663743606959742533,19.92,500,7621969089429501221,7621969089429508912
1663743606960338942,19.92,505,7621969089429501221,7621969089429508912
1663743606968027493,19.92,523,7621969089429501221,7621969089429508912
1663743606996923538,19.92,1,7621969089429501221,7621969089429513655
1663743606996923538,19.92,353,7621969089429501221,7621969089429508912
1663743606997464459,19.92,700,7621969089429501221,7621969089429508912
1663743607012095930,19.92,100,7621969089429501221,7621969089429514198
1663743607012095930,19.92,400,7621969089429501221,7621969089429508912
1663743607040048471,19.92,2550,7621969089429501221,7621969089429508912
1663743607062448667,19.92,1000,7621969089429501221,7621969089429508912
1663743607067595679,19.92,200,7621969089429501221,7621969089429508912
1663743607067909201,19.92,1000,7621969089429501221,7621969089429508912
1663743607069052774,19.92,150,7621969089429501221,7621969089429508912
1663743607089063331,19.92,20,7621969089429501221,7621969089429514828
1663743607089063331,19.92,280,7621969089429501221,7621969089429508912
1663743607415392442,19.92,10,7621969089429501221,7621969089429515960
1663743607415392442,19.92,149,7621969089429501221,7621969089429508912
1663743607415392442,19.92,61,7621969089429501221,7621969089429513486
1663743607479260168,19.92,1,7621969089429501221,7621969089429517619
1663743607515122983,19.92,10,7621969089429501221,7621969089429513486
1663743607997696724,19.92,100,7621969089429501221,7621969089429513486
1663743607998168109,19.92,14,7621969089429501221,7621969089429513486
1663743608101729775,19.92,20,7621969089429501221,7621969089429519976
1663743608101729775,19.92,100,7621969089429501221,7621969089429520780
1663743608101729775,19.92,65,7621969089429501221,7621969089429513486
1663743608101729775,19.92,14,7621969089429501221,7621969089429519748
1663743608101729775,19.92,1,7621969089429501221,7621969089429519923
1663743608101729775,19.92,20,7621969089429501221,7621969089429520219
1663743608101729775,19.92,10,7621969089429501221,7621969089429520489
1663743608101729775,19.92,72,7621969089429501221,7621969089429520634
1663743608857795841,19.92,80,7621969089429501221,7621969089429524417
1663743609113579955,19.92,420,7621969089429501221,7621969089429524417
1663743609113579955,19.92,70,7621969089429501221,7621969089428959667
1663743609193882458,19.92,500,7621969089429501221,7621969089429526306
1663743609193882458,19.92,2000,7621969089429501221,7621969089428959667
1663743609194427005,19.92,5430,7621969089429501221,7621969089428959667
1663743609198895642,19.92,800,7621969089429501221,7621969089429527278
1663743609265379829,19.92,2,7621969089429501221,7621969089429527673
1663743609573880260,19.92,2,7621969089429501221,7621969089429528609
1663743609573880260,19.92,28,7621969089429501221,7621969089429528169
1663743610545188604,19.92,1000,7621969089429501221,7621969089429532770
1663743610545188604,19.92,1,7621969089429501221,7621969089429530399
1663743610545188604,19.92,10,7621969089429501221,7621969089429532808
1663743610545188604,19.92,350,7621969089429501221,7621969089429535424
1663743610545188604,19.92,2,7621969089429501221,7621969089429529216
1663743610545188604,19.92,2,7621969089429501221,7621969089429529881
1663743610545188604,19.92,2,7621969089429501221,7621969089429530612
1663743610545188604,19.92,2,7621969089429501221,7621969089429531561
1663743610545188604,19.92,2,7621969089429501221,7621969089429532544
1663743610545188604,19.92,2,7621969089429501221,7621969089429535224
1663743610545188604,19.92,627,7621969089429501221,7621969089429528169
1663743611156831275,19.92,2,7621969089429501221,7621969089429536286
1663743611156831275,19.92,2,7621969089429501221,7621969089429537367
1663743611156831275,19.92,50,7621969089429501221,7621969089429540612
1663743611156831275,19.92,1345,7621969089429501221,7621969089429528169
1663743611156831275,19.92,100,7621969089429501221,7621969089429528880
1663743611156831275,19.92,1,7621969089429501221,7621969089429529003
1663743611156831275,19.92,1,7621969089429501221,7621969089429529336
1663743611156831275,19.92,400,7621969089429501221,7621969089429534002
1663743611156831275,19.92,999,7621969089429501221,7621969089429541892
1663743611632901248,19.92,2,7621969089429501221,7621969089429544773
1663743613019464718,19.92,1,7621969089429501221,7621969089429560758
1663743613428416311,19.92,3001,7621969089429501221,7621969089429544773
1663743613578934278,19.92,1,7621969089429501221,7621969089429544773
1663743614887460273,19.92,201,7621969089429501221,7621969089429544773
1663743615053338781,19.92,2,7621969089429501221,7621969089429575451
1663743615519099221,19.92,2,7621969089429501221,7621969089429575451
1663743615983823995,19.92,2,7621969089429501221,7621969089429575451
1663743616463252361,19.92,4,7621969089429501221,7621969089429575451
1663743616463252361,19.92,246,7621969089429501221,7621969089429544773
1663743616917630682,19.92,1000,7621969089429501221,7621969089429544773
1663743616949595402,19.92,500,7621969089429501221,7621969089429544773
1663743617391757417,19.92,1,7621969089429501221,7621969089429591140
1663743617391757417,19.92,99,7621969089429501221,7621969089429527281
1663743619571803243,19.92,2227,7621969089429501221,7621969089429527281
1663743619571849448,19.92,5792,7621969089429501221,7621969089429527281
1663743619704425087,19.92,1500,7621969089429501221,7621969089429612426
1663743620000487550,19.92,1000,7621969089429501221,7621969089429612750
1663743621230823491,19.92,47,7621969089429501221,7621969089429590428
1663743624885528853,19.92,10,7621969089429501221,7621969089429645847
1663743626123776947,19.92,2000,7621969089429501221,7621969089429652505
1663743626964675967,19.92,1000,7621969089429501221,7621969089429652454
1663743627274794723,19.92,100,7621969089429501221,7621969089429662620
1663743627958882825,19.92,2000,7621969089429501221,7621969089429637422
1663743627958882825,19.92,1000,7621969089429501221,7621969089429643418
1663743628726384013,19.92,1000,7621969089429501221,7621969089429671683
1663743628726384013,19.92,5017,7621969089429501221,7621969089429476995
1663743628726384013,19.92,953,7621969089429501221,7621969089429590428
1663743628726384013,19.92,2000,7621969089429501221,7621969089429592552
1663743628726384013,19.92,3042,7621969089429501221,7621969089429653409
1663743628944218584,19.92,90,7621969089429501221,7621969089429653409
1663743629003778600,19.92,14222,7621969089429501221,7621969089429653409
1663743629003778600,19.92,342,7621969089429503116,7621969089429653409
1663743629003778600,19.92,4320,7621969089429527213,7621969089429653409
1663743629003778600,19.92,50,7621969089429527816,7621969089429653409
1663743629003778600,19.92,172,7621969089429520802,7621969089429653409
1663743629003778600,19.92,16,7621969089429521269,7621969089429653409
1663743629003778600,19.92,30,7621969089429523993,7621969089429653409
1663743629003778600,19.92,250,7621969089429527213,7621969089429653409
1663743629003778600,19.92,1983,7621969089429492804,7621969089429653409
1663743629003778600,19.92,1886,7621969089429480520,7621969089429653409
1663743629003778600,19.92,13600,7621969089429477353,7621969089429653409
1663743629003778600,19.92,1350,7621969089429486956,7621969089429653409
1663743629003778600,19.92,861,7621969089429486956,7621969089429653409
1663743629003778600,19.92,1737,7621969089429477666,7621969089429653409
1663743629003778600,19.92,2501,7621969089429480528,7621969089429653409
1663743629003778600,19.92,123,7621969089429487150,7621969089429653409
1663743629003778600,19.92,205,7621969089429482526,7621969089429653409
1663743629003778600,19.92,4106,7621969089429483179,7621969089429653409
1663743629003778600,19.92,4300,7621969089429483179,7621969089429653409
1663743629003778600,19.92,1594,7621969089429483179,7621969089429653409
1663743629003778600,19.92,260,7621969089429487151,7621969089429653409
1663743629003778600,19.92,1500,7621969089429487151,7621969089429653409
1663743629003778600,19.92,741,7621969089429487151,7621969089429653409
1663743629003778600,19.92,500,7621969089429483392,7621969089429653409
1663743629003778600,19.92,600,7621969089429483392,7621969089429653409
1663743629003778600,19.92,1740,7621969089429483392,7621969089429653409
1663743629003778600,19.92,60,7621969089429483392,7621969089429653409
1663743629003778600,19.92,1000,7621969089429005881,7621969089429653409
1663743629003778600,19.92,1394,7621969089429483392,7621969089429653409
1663743629003778600,19.92,1,7621969089429483392,7621969089429653409
1663743629003778600,19.92,500,7621969089429483392,7621969089429653409
1663743629003778600,19.92,100,7621969089429483392,7621969089429653409
1663743629003778600,19.92,1139,7621969089429491280,7621969089429653409
1663743629003778600,19.92,50,7621969089429483392,7621969089429653409
1663743629003778600,19.92,25,7621969089429483392,7621969089429653409
1663743629003778600,19.92,30,7621969089429483392,7621969089429653409
1663743629003778600,19.92,10,7621969089429483931,7621969089429653409
1663743629003778600,19.92,90,7621969089429489058,7621969089429653409
1663743629003778600,19.92,20000,7621969089429491386,7621969089429653409
1663743629003778600,19.92,2000,7621969089429489204,7621969089429653409
1663743629003778600,19.92,30,7621969089428748913,7621969089429653409
1663743629003778600,19.93,750,7621969089429496245,7621969089429653409
1663743629003778600,19.93,2114,7621969089429494849,7621969089429653409
1663743629003778600,19.93,1658,7621969089429493146,7621969089429653409
1663743629003778600,19.93,6928,7621969089428997233,7621969089429653409
1663743629003778600,19.93,150,7621969089428997233,7621969089429671212
1663743630055039054,19.93,1000,7621969089428997233,7621969089429641877
1663743630055039054,19.93,1000,7621969089428997233,7621969089429499733
1663743630055039054,19.93,5890,7621969089428997233,7621969089429664005
1663743630055565488,19.93,5049,7621969089428997233,7621969089429544773
1663743630055565488,19.93,2,7621969089428997233,7621969089429545430
1663743630055565488,19.93,2,7621969089428997233,7621969089429583848
1663743630055565488,19.93,2,7621969089428997233,7621969089429584868
1663743630055565488,19.93,2,7621969089428997233,7621969089429587504
1663743630055565488,19.93,2,7621969089428997233,7621969089429588347
1663743630055565488,19.93,2,7621969089428997233,7621969089429589519
1663743630055565488,19.93,2,7621969089428997233,7621969089429591177
1663743630055565488,19.93,2,7621969089428997233,7621969089429593794
1663743630055565488,19.93,2,7621969089428997233,7621969089429595653
1663743630055565488,19.93,2,7621969089428997233,7621969089429597832
1663743630055565488,19.93,2,7621969089428997233,7621969089429600709
1663743630055565488,19.93,905,7621969089428997233,7621969089429688343
1663743630143376369,19.93,5890,7621969089428997233,7621969089429689244
1663743630255101281,19.93,1512,7621969089428997233,7621969089429689807
1663743633450514383,19.93,2509,7621969089428997233,7621969089429476940
1663743635731668741,19.92,2,7621969089429723092,7621969089429713914
1663743636890790737,19.92,10,7621969089429723092,7621969089429713914
1663743636892539970,19.92,10,7621969089429723092,7621969089429713914
1663743637106529760,19.92,25,7621969089429723092,7621969089429713914
1663743637968338131,19.92,3,7621969089429740502,7621969089429713914
1663743637968338131,19.92,2,7621969089429740502,7621969089429549053
1663743637968338131,19.92,100,7621969089429740502,7621969089429551871
1663743637968338131,19.92,25,7621969089429740502,7621969089429557581
1663743637968338131,19.92,1970,7621969089429740502,7621969089429565816
1663743637968338131,19.92,409,7621969089429740519,7621969089429565816
1663743638940985950,19.92,1963,7621969089429740519,7621969089429565816
1663743638940985950,19.92,37,7621969089429744434,7621969089429565816
1663743639048312572,19.92,621,7621969089429744434,7621969089429565816
1663743639048312572,19.92,16,7621969089429744434,7621969089429571609
1663743640106091098,19.92,1000,7621969089429750076,7621969089429571609
1663743640904125469,19.92,100,7621969089429756254,7621969089429571609
1663743641395668642,19.92,4500,7621969089429756254,7621969089429571609
1663743641395829276,19.92,6400,7621969089429756254,7621969089429571609
1663743641395829276,19.92,674,7621969089429756304,7621969089429571609
1663743642353474007,19.92,100,7621969089429767374,7621969089429571609
1663743643425161031,19.92,1000,7621969089429767384,7621969089429571609
1663743643566167196,19.92,1372,7621969089429767384,7621969089429571609
1663743643566167196,19.92,643,7621969089429771660,7621969089429571609
1663743644766183807,19.92,8,7621969089429771660,7621969089429571609
1663743644831562696,19.92,349,7621969089429771660,7621969089429571609
1663743644831562696,19.92,10861,7621969089429782870,7621969089429571609
1663743644831562696,19.92,1353,7621969089429783372,7621969089429571609
1663743644855051160,19.92,500,7621969089429723092,7621969089429571609
1663743645102621589,19.92,674,7621969089429789082,7621969089429571609
1663743645103079933,19.92,626,7621969089429789082,7621969089429571609
1663743646082271657,19.92,150,7621969089429723092,7621969089429571609
1663743646594821742,19.92,803,7621969089429723092,7621969089429571609
1663743646594821742,19.92,2369,7621969089429733047,7621969089429571609
1663743647387747447,19.92,25,7621969089429806442,7621969089429571609
1663743647387747447,19.92,75,7621969089429799245,7621969089429571609
1663743650144370555,19.92,220,7621969089429678984,7621969089429571609
1663743650235567768,19.92,100,7621969089429822322,7621969089429571609
1663743650235567768,19.92,1886,7621969089429822329,7621969089429571609
1663743650235567768,19.92,1091,7621969089429823399,7621969089429571609
1663743650987943364,19.92,2,7621969089429810121,7621969089429571609
1663743651304229195,19.92,48,7621969089429810121,7621969089429571609
1663743652832947682,19.92,135,7621969089429834715,7621969089429834620
1663743653392301073,19.92,500,7621969089429834715,7621969089429834620
1663743654128171960,19.92,317,7621969089429834715,7621969089429834620
1663743654128171960,19.92,1548,7621969089429834715,7621969089429571609
1663743655788602093,19.93,2,7621969089429711213,7621969089429864502
1663743655788602093,19.93,603,7621969089429711213,7621969089429864502
1663743655788659019,19.93,1200,7621969089429711213,7621969089429864502
1663743655788680883,19.93,295,7621969089429711213,7621969089429864502
1663743655952242214,19.93,2140,7621969089429711213,7621969089429864579
1663743655952242214,19.93,2,7621969089429711213,7621969089429864579
1663743655952242214,19.93,359,7621969089429711213,7621969089429864579
1663743655993249262,19.93,392,7621969089429711213,7621969089429864557
1663743655993249262,19.93,1362,7621969089429711213,7621969089429864557
1663743656099959858,19.93,747,7621969089429711213,7621969089429864557
1663743656099959858,19.93,10,7621969089429711213,7621969089429865244
1663743656099959858,19.93,381,7621969089429711213,7621969089429853585
1663743656099959858,19.93,2,7621969089429711213,7621969089429853585
1663743656099959858,19.93,2,7621969089429711213,7621969089429853585
1663743656099959858,19.93,1,7621969089429711213,7621969089429853585
1663743656099959858,19.93,2,7621969089429711213,7621969089429853585
1663743656099959858,19.93,60,7621969089429494614,7621969089429853585
1663743658480872874,19.93,500,7621969089429494614,7621969089429872245
1663743658481175261,19.93,500,7621969089429494614,7621969089429872245
1663743658481175261,19.93,331,7621969089429494614,7621969089429875354
1663743658481175261,19.93,69,7621969089429494614,7621969089429875354
1663743658481175261,19.93,1,7621969089429494614,7621969089429876757
1663743659598593742,19.93,19,7621969089429494614,7621969089429825702
1663743659775141466,19.93,253,7621969089429494614,7621969089429887711
1663743659775141466,19.93,214,7621969089429480540,7621969089429887711
1663743660002060953,19.93,1,7621969089429480540,7621969089429889775
1663743661014974006,19.93,316,7621969089429480540,7621969089429893010
1663743661014974006,19.93,11,7621969089429480540,7621969089429893970
1663743661014974006,19.93,173,7621969089429480540,7621969089429889775
1663743661543107406,19.93,373,7621969089429480540,7621969089429896484
1663743661543107406,19.93,242,7621969089429480540,7621969089429889775
1663743661543107406,19.93,581,7621969089429480540,7621969089429893972
1663743661543107406,19.93,1,7621969089429480540,7621969089429893972
1663743661543107406,19.93,1,7621969089429480540,7621969089429893972
1663743661543107406,19.93,1,7621969089429480540,7621969089429893972
1663743661543107406,19.93,80,7621969089429480540,7621969089429893972
1663743661543107406,19.93,1,7621969089429480540,7621969089429893972
1663743661543107406,19.93,1,7621969089429480540,7621969089429893972
1663743661543107406,19.93,404,7621969089428997233,7621969089429893972
1663743661543107406,19.93,1900,7621969089428997233,7621969089429825702
1663743661876317024,19.93,100,7621969089428997233,7621969089429899495
1663743662178370036,19.93,273,7621969089428997233,7621969089429899495
1663743662178370036,19.93,1,7621969089428997233,7621969089429901705
1663743662178370036,19.93,726,7621969089428997233,7621969089429903273
1663743662178693526,19.93,1791,7621969089428997233,7621969089429903273
1663743662469388496,19.93,25,7621969089428997233,7621969089429903617
1663743662958058039,19.93,199,7621969089428997233,7621969089429906487
1663743662988354645,19.93,50,7621969089428997233,7621969089429906487
1663743664977668113,19.93,336,7621969089428997233,7621969089429916998
1663743664977668113,19.93,48,7621969089428997233,7621969089429906487
1663743664977668113,19.93,256,7621969089428997233,7621969089429908283
1663743664977668113,19.93,160,7621969089428997233,7621969089429916514
1663743665339884582,19.93,336,7621969089428997233,7621969089429922441
1663743665558657248,19.93,100,7621969089428997233,7621969089429916514
1663743666811244766,19.93,1638,7621969089428997233,7621969089429927345
1663743666811244766,19.93,1,7621969089429480540,7621969089429927345
1663743666811244766,19.93,1,7621969089429480540,7621969089429927345
1663743666811244766,19.93,502,7621969089429480540,7621969089429927345
1663743666811244766,19.93,1,7621969089429480540,7621969089429927345
1663743666811244766,19.93,40,7621969089429489325,7621969089429927345
1663743666811244766,19.94,10,7621969089429461451,7621969089429927345
1663743666811244766,19.94,258,7621969089429688573,7621969089429927345
1663743666811244766,19.94,742,7621969089429688573,7621969089429932004
1663743666811244766,19.94,500,7621969089429688610,7621969089429932004
1663743666811244766,19.94,100,7621969089429688610,7621969089429932004
1663743666811244766,19.94,6658,7621969089429688610,7621969089429932004
1663743666930404141,19.94,50,7621969089429688610,7621969089429934929
1663743667568178541,19.94,174,7621969089429688610,7621969089429934929
1663743667568178541,19.94,134,7621969089429688610,7621969089429934979
1663743667568178541,19.94,982,7621969089429688610,7621969089429940170
1663743668224248158,19.94,1268,7621969089429688610,7621969089429940170
1663743668441691945,19.94,1,7621969089429688610,7621969089429945957
1663743668441720450,19.94,1500,7621969089429688610,7621969089429945965
1663743668454481701,19.94,300,7621969089429688610,7621969089429945965
1663743668837305285,19.94,20,7621969089429688610,7621969089429945965
1663743669067894579,19.94,420,7621969089429688610,7621969089429945965
1663743669067894579,19.94,1580,7621969089429688610,7621969089429946552
1663743670638896658,19.94,20,7621969089429688610,7621969089429958763
1663743670857986972,19.94,88,7621969089429688610,7621969089429958763
1663743670857986972,19.94,570,7621969089429456556,7621969089429958763
1663743670938311677,19.94,1931,7621969089429456556,7621969089429946552
1663743670938311677,19.94,1489,7621969089429494610,7621969089429946552
1663743670938311677,19.94,1010,7621969089429494610,7621969089429950188
1663743670938311677,19.94,108,7621969089428750441,7621969089429950188
1663743670938311677,19.94,108,7621969089428967578,7621969089429950188
1663743670938311677,19.94,700,7621969089428967578,7621969089429950188
1663743670938311677,19.94,57,7621969089428967578,7621969089429950188
1663743670938311677,19.94,1635,7621969089428967578,7621969089429959812
1663743670938311677,19.94,100,7621969089429715560,7621969089429959812
1663743670938311677,19.94,2500,7621969089428676613,7621969089429959812
1663743670938311677,19.94,192,7621969089428676613,7621969089429959812
1663743670938311677,19.94,5000,7621969089428676613,7621969089429959812
1663743670938311677,19.94,200,7621969089428676613,7621969089429959812
1663743670938311677,19.94,373,7621969089428676613,7621969089429959812
1663743670938422355,19.94,201,7621969089428676613,7621969089429940170
1663743670938422355,19.94,2285,7621969089428676613,7621969089429943916
1663743671020474998,19.94,2451,7621969089428676613,7621969089429964645
1663743671104286279,19.94,2451,7621969089428676613,7621969089429965485
1663743671104483053,19.94,678,7621969089428676613,7621969089429965491
1663743671190276351,19.94,1049,7621969089428676613,7621969089429966812
1663743671190468354,19.94,1990,7621969089428676613,7621969089429966822
1663743671506857190,19.94,586,7621969089428676613,7621969089429969838
1663743671506857190,19.94,30,7621969089429489569,7621969089429969838
1663743671506857190,19.95,62,7621969089428951237,7621969089429969838
1663743671506933625,19.95,12,7621969089428951237,7621969089429969841
1663743671506933625,19.95,1725,7621969089429514563,7621969089429969841
1663743671506975387,19.95,459,7621969089429514563,7621969089429969845
1663743671506975387,19.95,153,7621969089429527153,7621969089429969845
1663743671506975387,19.95,299,7621969089429514732,7621969089429969845
1663743672899337779,19.95,10,7621969089429514732,7621969089429978479
1663743675646664207,19.95,43,7621969089429514732,7621969089429985868
1663743676175995914,19.95,981,7621969089429514732,7621969089430005218
1663743676175995914,19.95,19,7621969089429865787,7621969089430005218
1663743676175995914,19.95,57,7621969089429865787,7621969089429985868
1663743676175995914,19.95,24,7621969089429865787,7621969089429995224
1663743676175995914,19.95,348,7621969089429878337,7621969089429995224
1663743676175995914,19.95,181,7621969089429899471,7621969089429995224
1663743676175995914,19.95,1185,7621969089429880465,7621969089429995224
1663743676175995914,19.95,10,7621969089429461460,7621969089429995224
1663743676175995914,19.95,35,7621969089429494858,7621969089429995224
1663743676175995914,19.95,354,7621969089429494858,7621969089429974813
1663743676175995914,19.95,250,7621969089429457007,7621969089429974813
1663743676175995914,19.95,1,7621969089429457007,7621969089429974813
1663743676175995914,19.95,100,7621969089429457007,7621969089429974813
1663743676175995914,19.95,1500,7621969089429457007,7621969089429974813
1663743676175995914,19.95,200,7621969089429457007,7621969089429974813
1663743676175995914,19.95,450,7621969089429457007,7621969089429974813
1663743676175995914,19.95,250,7621969089428997389,7621969089429974813
1663743676175995914,19.95,200,7621969089429718371,7621969089429974813
1663743676175995914,19.95,47,7621969089429490465,7621969089429974813
1663743676175995914,19.96,1808,7621969089429499163,7621969089429974813
1663743677100911268,19.96,4541,7621969089429499163,7621969089430012877
1663743677587854967,19.96,721,7621969089429499163,7621969089430019061
1663743678149663032,19.96,721,7621969089429499163,7621969089430023287
1663743678491678035,19.96,2209,7621969089429499163,7621969089430025789
1663743678491678035,19.96,30,7621969089429477665,7621969089430025789
1663743678491678035,19.96,526,7621969089429460456,7621969089430025789
1663743678491918620,19.96,1004,7621969089429460456,7621969089430025789
1663743678491918620,19.96,971,7621969089429460456,7621969089430025789
1663743678491918620,19.96,2000,7621969089429464971,7621969089430025789
1663743678491918620,19.96,1224,7621969089429880484,7621969089430025789
1663743678491918620,19.96,10,7621969089429461461,7621969089430025789
1663743678491918620,19.96,999,7621969089429488050,7621969089430025789
1663743678491918620,19.96,10,7621969089428786563,7621969089430025789
1663743678491918620,19.96,500,7621969089428869420,7621969089430025789
1663743678491918620,19.96,10,7621969089429834856,7621969089430025789
1663743678491918620,19.96,10,7621969089429490466,7621969089430025789
1663743678491918620,19.97,776,7621969089429610684,7621969089430025789
1663743678492669148,19.97,624,7621969089429610684,7621969089430025826
1663743678492669148,19.97,1,7621969089429895001,7621969089430025826
1663743678492669148,19.97,1,7621969089429895001,7621969089430025826
1663743678492669148,19.97,1,7621969089429899473,7621969089430025826
1663743678492669148,19.97,1,7621969089429893030,7621969089430025826
1663743678492669148,19.97,415,7621969089429893030,7621969089430025826
1663743678492669148,19.97,1358,7621969089429474173,7621969089430025826
1663743678492669148,19.97,516,7621969089429474173,7621969089430025828
1663743678492669148,19.97,2015,7621969089429471953,7621969089430025828
1663743678492669148,19.97,486,7621969089429471953,7621969089430025828
1663743678492669148,19.97,10,7621969089429461462,7621969089430025828
1663743678492669148,19.97,99,7621969089428995516,7621969089430025828
1663743678492669148,19.97,2000,7621969089428995516,7621969089430025828
1663743678492669148,19.97,1945,7621969089428995516,7621969089430025828
1663743678492669148,19.98,3440,7621969089429610666,7621969089430025828
1663743678492669148,19.98,459,7621969089429610666,7621969089430012877
1663743678492669148,19.98,1159,7621969089429610666,7621969089430012879
1663743678492669148,19.98,721,7621969089429610666,7621969089430012880
1663743678492669148,19.98,2501,7621969089429610666,7621969089430016848
1663743678492669148,19.98,1720,7621969089429610666,7621969089430016859
1663743678492669148,19.98,394,7621969089429894975,7621969089430016859
1663743678492669148,19.98,83,7621969089429970567,7621969089430016859
1663743678492669148,19.98,336,7621969089429913164,7621969089430016859
1663743678492669148,19.98,2451,7621969089429934151,7621969089430016859
1663743678492669148,19.98,7098,7621969089429934151,7621969089430016859
1663743678492669148,19.98,192,7621969089429970583,7621969089430016859
1663743678492669148,19.98,746,7621969089429894980,7621969089430019060
1663743678492669148,19.98,2501,7621969089429472768,7621969089430019060
1663743678492669148,19.98,30,7621969089429475726,7621969089430019060
1663743678492669148,19.98,10,7621969089429461463,7621969089430019060
1663743678492669148,19.98,2385,7621969089428694318,7621969089430019060
1663743678492669148,19.98,700,7621969089428807965,7621969089430019060
1663743678492669148,19.99,1,7621969089429512797,7621969089430019060
1663743678492669148,19.99,1,7621969089429512797,7621969089430019060
1663743678492669148,19.99,2500,7621969089429622114,7621969089430019060
1663743678492669148,19.99,635,7621969089429625413,7621969089430019060
1663743678492669148,19.99,233,7621969089429982111,7621969089430019060
1663743678492669148,19.99,23,7621969089429982098,7621969089430019060
1663743678492669148,19.99,165,7621969089429964664,7621969089430019060
1663743678492669148,19.99,32,7621969089429964664,7621969089430019060
1663743678492669148,19.99,250,7621969089429554321,7621969089430019060
1663743678492669148,19.99,5000,7621969089429555823,7621969089430019060
1663743678492669148,19.99,319,7621969089429944594,7621969089430019060
1663743678492669148,19.99,1,7621969089429964664,7621969089430019060
1663743678492669148,19.99,1,7621969089429512797,7621969089430019060
1663743678492669148,19.99,311,7621969089429917014,7621969089430019060
1663743678492669148,19.99,319,7621969089429941498,7621969089430019060
1663743678492669148,19.99,336,7621969089429922454,7621969089430019060
1663743678492669148,19.99,16,7621969089429512797,7621969089430019060
1663743678492669148,19.99,25,7621969089429917014,7621969089430019060
1663743678492669148,19.99,7500,7621969089429645888,7621969089430019060
1663743678492669148,19.99,354,7621969089429907342,7621969089430019060
1663743678492669148,19.99,1,7621969089429978183,7621969089430019060
1663743678492669148,19.99,2267,7621969089429524009,7621969089430019060
1663743678492669148,19.99,4500,7621969089429517045,7621969089430019060
1663743678492669148,19.99,2960,7621969089429486617,7621969089430019060
1663743678492669148,19.99,49,7621969089429486617,7621969089430019060
1663743678492669148,19.99,1991,7621969089429486617,7621969089430019060
1663743678492669148,19.99,926,7621969089429733046,7621969089430019060
1663743678492739252,19.99,74,7621969089429733046,7621969089430019060
1663743678492739252,19.99,10,7621969089429461464,7621969089430019060
1663743678492739252,19.99,1000,7621969089428997060,7621969089430019060
1663743678492739252,20.0,1933,7621969089429526511,7621969089430019060
1663743678492739252,20.0,3,7621969089429662652,7621969089430019060
1663743678492739252,20.0,1,7621969089429678324,7621969089430019060
1663743678492739252,20.0,4,7621969089429678324,7621969089430019060
1663743678492739252,20.0,102,7621969089430003170,7621969089430019060
1663743678492739252,20.0,157,7621969089430003144,7621969089430019060
1663743678492739252,20.0,7,7621969089429662652,7621969089430019060
1663743678492739252,20.0,3,7621969089429662652,7621969089430019060
1663743678492739252,20.0,87,7621969089429662652,7621969089430019060
1663743678492739252,20.0,157,7621969089430003110,7621969089430019060
1663743678492739252,20.0,233,7621969089430003056,7621969089430019060
1663743678492739252,20.0,100,7621969089429571624,7621969089430019060
1663743678492739252,20.0,9041,7621969089429612446,7621969089430019060
1663743678494018476,20.0,721,7621969089429612446,7621969089430025909
1663743678495330688,20.0,31,7621969089429612446,7621969089430025974
1663743678495572787,20.0,207,7621969089429612446,7621969089430025974
1663743678495572787,20.0,900,7621969089429659597,7621969089430025974
1663743678495572787,20.0,100,7621969089429662652,7621969089430025974
1663743678495572787,20.0,725,7621969089429963100,7621969089430025974
1663743678863188210,20.0,538,7621969089429963100,7621969089430025974
1663743681058450326,20.0,100,7621969089429963100,7621969089430042042
1663743681058516815,20.0,2240,7621969089429963100,7621969089430042049
1663743681783890678,20.0,200,7621969089429963100,7621969089430043934
1663743682245140625,20.0,2000,7621969089429963100,7621969089430043934
1663743684539160071,20.0,350,7621969089429963100,7621969089430043934
1663743685242284837,20.0,160,7621969089429963100,7621969089430043934
1663743686559928709,20.0,999,7621969089429963100,7621969089430043934
1663743686598152423,20.0,27,7621969089429963100,7621969089430043934
1663743686942419030,20.0,4503,7621969089429963100,7621969089430043934
1663743686942419030,20.0,1700,7621969089429645858,7621969089430043934
1663743686942419030,20.0,50,7621969089429576001,7621969089430043934
1663743686942419030,20.0,200,7621969089429678359,7621969089430043934
1663743686942419030,20.0,76,7621969089430003127,7621969089430043934
1663743686942419030,20.0,76,7621969089430003157,7621969089430043934
1663743686942419030,20.0,9,7621969089429987106,7621969089430043934
1663743686942419030,20.0,721,7621969089429987106,7621969089430043940
1663743686942419030,20.0,270,7621969089429987106,7621969089430043943
1663743686942419030,20.0,1000,7621969089429989262,7621969089430043943
1663743686942419030,20.0,511,7621969089428752929,7621969089430043943
1663743686942419030,20.0,927,7621969089428752929,7621969089430044883
1663743686942419030,20.0,312,7621969089428752929,7621969089430048501
1663743686942419030,20.0,500,7621969089428752929,7621969089430048501
1663743686942419030,20.0,1000,7621969089428752929,7621969089430048501
1663743686942419030,20.0,100,7621969089428752929,7621969089430048501
1663743686942419030,20.0,1000,7621969089429999950,7621969089430048501
1663743686942419030,20.0,199,7621969089429943111,7621969089430048501
1663743686942419030,20.0,500,7621969089429945568,7621969089430048501
1663743686942419030,20.0,20,7621969089429922876,7621969089430048501
1663743686942419030,20.0,250,7621969089429512870,7621969089430048501
1663743686942419030,20.0,119,7621969089429697266,7621969089430048501
1663743686942419030,20.0,2658,7621969089429697266,7621969089430048888
1663743686942419030,20.0,1931,7621969089429915565,7621969089430048888
1663743686942419030,20.0,484,7621969089429915565,7621969089430048888
1663743686942419030,20.0,86,7621969089429915565,7621969089430052940
1663743686942419030,20.0,930,7621969089429660500,7621969089430052940
1663743686942419030,20.0,70,7621969089429660500,7621969089430052940
1663743686942419030,20.0,10,7621969089429495732,7621969089430052940
1663743686942419030,20.0,837,7621969089429852271,7621969089430052940
1663743686942419030,20.0,257,7621969089429852271,7621969089430068521
1663743686942419030,20.0,617,7621969089429852271,7621969089430068521
1663743686942419030,20.0,689,7621969089429852271,7621969089430068521
1663743686942419030,20.0,6,7621969089428637350,7621969089430068521
1663743686942419030,20.0,5,7621969089428662521,7621969089430068521
1663743686942419030,20.0,8426,7621969089429456521,7621969089430068521
1663743686942419030,20.0,100,7621969089429456521,7621969089430072395
1663743686942419030,20.0,1146,7621969089429456521,7621969089430084668
1663743686942419030,20.0,2501,7621969089429456521,7621969089430042058
1663743686942419030,20.0,820,7621969089429456521,7621969089430042070
1663743686942419030,20.0,197,7621969089429456521,7621969089430042079
1663743686942419030,20.0,524,7621969089428746959,7621969089430042079
1663743686942419030,20.0,2238,7621969089428746959,7621969089430042081
1663743686942419030,20.0,1373,7621969089428746959,7621969089430043949
1663743686942419030,20.0,1000,7621969089429470574,7621969089430043949
1663743686942419030,20.0,1383,7621969089428746959,7621969089430043949
1663743686942419030,20.0,3,7621969089429456521,7621969089430043949
1663743686942419030,20.0,6807,7621969089429456521,7621969089430043949
1663743686942419030,20.0,100,7621969089428620564,7621969089430043949
1663743686942419030,20.0,313,7621969089429476456,7621969089430043949
1663743686942419030,20.0,446,7621969089429476456,7621969089430044882
1663743688712844251,20.0,4491,7621969089429476456,7621969089430096039
1663743688712844251,20.0,250,7621969089428915022,7621969089430096039
1663743688712844251,20.0,1000,7621969089428965375,7621969089430096039
1663743688712844251,20.0,10,7621969089429461465,7621969089430096039
1663743688712844251,20.0,5249,7621969089429465292,7621969089430096039
1663743688713902966,20.0,2183,7621969089429465292,7621969089430096071
1663743688715020480,20.0,2285,7621969089429465292,7621969089430096076
1663743688715020480,20.0,215,7621969089429465292,7621969089430096121
1663743688715293868,20.0,68,7621969089429465292,7621969089430096121
1663743688715293868,20.0,50,7621969089429823398,7621969089430096121
1663743688715293868,20.0,2,7621969089429784771,7621969089430096121
1663743688715293868,20.02,500,7621969089429560768,7621969089430096121
1663743688715293868,20.02,1310,7621969089430016919,7621969089430096121
1663743690312445057,20.02,75,7621969089430016919,7621969089430101755
1663743691873626698,20.02,50,7621969089430016919,7621969089430101755
1663743692666699342,20.02,876,7621969089430016919,7621969089430101755
1663743692666699342,20.02,189,7621969089430016919,7621969089430101762
1663743692666699342,20.02,232,7621969089430019118,7621969089430101762
1663743694089738500,20.02,804,7621969089430019118,7621969089430138399
1663743694089738500,20.02,743,7621969089430019118,7621969089430134600
1663743694089738500,20.02,453,7621969089429642076,7621969089430134600
1663743694090295895,20.02,804,7621969089429642076,7621969089430139647
1663743694132065282,20.02,804,7621969089429642076,7621969089430139673
1663743694132065282,20.02,304,7621969089429642076,7621969089430134600
1663743694132065282,20.02,2635,7621969089429642076,7621969089430134966
1663743694132065282,20.02,100,7621969089430025822,7621969089430134966
1663743694132065282,20.02,157,7621969089430042069,7621969089430134966
1663743694495911330,20.02,99,7621969089430042069,7621969089430140074
1663743696197001613,20.02,394,7621969089430042069,7621969089430149802
1663743696197001613,20.02,721,7621969089430027897,7621969089430149802
1663743696197001613,20.02,1,7621969089429648605,7621969089430149802
1663743696197001613,20.02,384,7621969089429648605,7621969089430149802
1663743696197001613,20.02,29,7621969089429648605,7621969089430149807
1663743696197001613,20.02,775,7621969089429648605,7621969089430149807
1663743696197001613,20.02,725,7621969089429648605,7621969089430149870
1663743696197001613,20.02,1,7621969089429648605,7621969089430149870
1663743696197001613,20.02,1,7621969089429648605,7621969089430149870
1663743696197001613,20.02,1,7621969089429648605,7621969089430149870
1663743696197001613,20.02,5209,7621969089429648605,7621969089430149870
1663743696197001613,20.02,260,7621969089430029065,7621969089430149870
1663743696197001613,20.02,540,7621969089430029065,7621969089430149870
1663743696197001613,20.02,1000,7621969089429651787,7621969089430149870
1663743696197001613,20.02,3709,7621969089430029065,7621969089430149870
1663743696197001613,20.02,905,7621969089430029065,7621969089430149933
1663743696197001613,20.02,705,7621969089430029065,7621969089430140074
1663743696197001613,20.02,1175,7621969089430029065,7621969089430141746
1663743696197001613,20.02,3785,7621969089430029065,7621969089430142167
1663743696197001613,20.02,7215,7621969089429648605,7621969089430142167
1663743696197001613,20.02,465,7621969089429648605,7621969089430123352
1663743696197551046,20.02,236,7621969089429648605,7621969089430123352
1663743696529477393,20.02,1000,7621969089429648605,7621969089430123352
1663743696529634718,20.02,5,7621969089429648605,7621969089430123352
1663743696568428003,20.02,3953,7621969089429648605,7621969089430123352
1663743696568428003,20.02,323,7621969089430029076,7621969089430123352
1663743696568428003,20.02,583,7621969089430029076,7621969089430149794
1663743696568428003,20.02,917,7621969089429653403,7621969089430149794
1663743696568428003,20.02,849,7621969089429653403,7621969089430152043
1663743696568428003,20.02,3234,7621969089429653403,7621969089430134966
1663743696568428003,20.02,100,7621969089429674093,7621969089430134966
1663743696568428003,20.02,1000,7621969089429963194,7621969089430134966
1663743696568428003,20.02,1000,7621969089429972081,7621969089430134966
1663743696568428003,20.02,820,7621969089429689224,7621969089430134966
1663743696759373455,20.02,1000,7621969089429689224,7621969089430155890
1663743697227860560,20.02,180,7621969089429689224,7621969089430155890
1663743697227860560,20.02,270,7621969089429486650,7621969089430155890
1663743697867921364,20.02,25,7621969089429486650,7621969089430155890
1663743698945275872,20.02,3799,7621969089429486650,7621969089430170465
1663743698945320858,20.02,906,7621969089429486650,7621969089430170465
1663743698945320858,20.02,300,7621969089429711428,7621969089430170465
1663743698945320858,20.02,10,7621969089429495785,7621969089430170465
1663743698945320858,20.02,1000,7621969089429865338,7621969089430170465
1663743698945320858,20.02,1,7621969089429487391,7621969089430170465
1663743698945320858,20.02,68,7621969089428831214,7621969089430170465
1663743698947246511,20.02,1500,7621969089428831214,7621969089430170595
1663743698952148408,20.02,478,7621969089428831214,7621969089430155900
1663743699132795364,20.02,1500,7621969089428831214,7621969089430171303
1663743700305018109,20.02,1525,7621969089428831214,7621969089430134966
1663743700305018109,20.02,9210,7621969089428831214,7621969089430134966
1663743700305194586,20.02,97,7621969089428831214,7621969089430134966
1663743700633565242,20.02,2,7621969089428831214,7621969089430134966
1663743700987348765,20.02,120,7621969089428831214,7621969089430134966
1663743700987348765,20.02,1500,7621969089428831214,7621969089430149793
1663743700987348765,20.02,1001,7621969089428831214,7621969089430161357
1663743700987348765,20.02,1306,7621969089428831214,7621969089430178645
1663743701215726140,20.02,190,7621969089428831214,7621969089430183813
1663743701632434834,20.02,5231,7621969089428831214,7621969089430185705
1663743703627106148,20.02,5000,7621969089428831214,7621969089430185705
1663743703627313804,20.02,6322,7621969089428831214,7621969089430185705
1663743703627313804,20.02,10,7621969089429461466,7621969089430185705
1663743703627313804,20.02,1300,7621969089429743300,7621969089430185705
1663743703627313804,20.02,1000,7621969089429744430,7621969089430185705
1663743703627313804,20.02,4636,7621969089429744430,7621969089430185705
1663743703627313804,20.02,2965,7621969089429744430,7621969089430185705
1663743703627313804,20.02,2,7621969089429780638,7621969089430185705
1663743703627313804,20.04,250,7621969089429589909,7621969089430185705
1663743703627313804,20.04,100,7621969089429626811,7621969089430185705
1663743703627313804,20.04,1150,7621969089429638376,7621969089430185705
1663743703627313804,20.04,1500,7621969089430048685,7621969089430185705
1663743703627313804,20.04,2500,7621969089430060711,7621969089430185705
1663743703627313804,20.04,62,7621969089430086248,7621969089430185705
1663743703627313804,20.04,1500,7621969089430025829,7621969089430185705
1663743703627313804,20.04,834,7621969089430025829,7621969089430185705
1663743703627313804,20.04,2,7621969089429593505,7621969089430185705
1663743703627313804,20.04,100,7621969089429611616,7621969089430185705
1663743703627313804,20.04,900,7621969089429611616,7621969089430185705
1663743703627313804,20.04,721,7621969089430023388,7621969089430185705
1663743703627313804,20.04,1000,7621969089430068520,7621969089430185705
1663743703627313804,20.04,520,7621969089430075214,7621969089430185705
1663743703627313804,20.04,1000,7621969089430086248,7621969089430185705
1663743703627313804,20.04,1000,7621969089429617120,7621969089430185705
1663743703627313804,20.04,1046,7621969089430086277,7621969089430185705
1663743703627313804,20.04,800,7621969089430026156,7621969089430185705
1663743703627313804,20.04,1500,7621969089430026180,7621969089430185705
1663743703627313804,20.04,200,7621969089430026180,7621969089430185705
1663743703627313804,20.04,1000,7621969089430031820,7621969089430185705
1663743703627313804,20.04,199,7621969089429973365,7621969089430185705
1663743703627313804,20.04,1000,7621969089429708645,7621969089430185705
1663743703627313804,20.04,4605,7621969089429486692,7621969089430185705
1663743703627313804,20.04,5,7621969089429486692,7621969089430185705
1663743703627313804,20.04,390,7621969089429486692,7621969089430185705
1663743703627313804,20.04,5000,7621969089429499881,7621969089430185705
1663743703627313804,20.04,100,7621969089428994228,7621969089430185705
1663743703627313804,20.04,10,7621969089429495915,7621969089430185705
1663743703627313804,20.04,742,7621969089429911003,7621969089430185705
1663743703627313804,20.04,8348,7621969089429911003,7621969089430185705
1663743703627313804,20.04,10,7621969089429461467,7621969089430185705
1663743703627313804,20.04,500,7621969089429719647,7621969089430185705
1663743703627313804,20.04,2000,7621969089429826635,7621969089430185705
1663743703627313804,20.04,2,7621969089429775002,7621969089430185705
1663743703627313804,20.04,2000,7621969089429823433,7621969089430185705
1663743703627313804,20.06,2600,7621969089430181918,7621969089430185705
1663743703627313804,20.06,288,7621969089430181959,7621969089430185705
1663743703627313804,20.06,2,7621969089429600666,7621969089430185705
1663743703627313804,20.06,500,7621969089429605452,7621969089430185705
1663743703627313804,20.06,500,7621969089429605452,7621969089430185705
1663743703627313804,20.06,5,7621969089429605452,7621969089430185705
1663743703627313804,20.06,1000,7621969089429605452,7621969089430185705
1663743703627313804,20.06,1,7621969089429605452,7621969089430185705
1663743703627313804,20.06,132,7621969089429605452,7621969089430185705
1663743703627313804,20.06,967,7621969089429605452,7621969089430185742
1663743703627313804,20.06,3149,7621969089429605452,7621969089430188785
1663743703627313804,20.06,1720,7621969089429605452,7621969089430188785
1663743703627313804,20.06,1001,7621969089429605452,7621969089430189729
1663743703627313804,20.06,10309,7621969089429605452,7621969089430191821
1663743703627313804,20.06,500,7621969089429605452,7621969089430191821
1663743703627313804,20.06,210,7621969089429605452,7621969089430191821
1663743703627313804,20.06,6,7621969089429605452,7621969089430191821
1663743703627313804,20.06,25,7621969089429642247,7621969089430191821
1663743703627313804,20.06,2,7621969089430059438,7621969089430191821
1663743703627313804,20.06,10,7621969089430019258,7621969089430191821
1663743703627313804,20.06,2,7621969089430059446,7621969089430191821
1663743703627313804,20.06,2,7621969089430060086,7621969089430191821
1663743703627313804,20.06,1934,7621969089430091674,7621969089430191821
1663743703627313804,20.06,835,7621969089430091674,7621969089430196521
1663743704567950590,20.06,11,7621969089430091674,7621969089430201607
1663743705288312841,20.06,39,7621969089430206938,7621969089430209153
1663743705288312841,20.06,261,7621969089430091674,7621969089430209153
1663743706304772236,20.06,217,7621969089430091674,7621969089430209153
1663743706304772236,20.06,427,7621969089430091674,7621969089430209153
1663743706304772236,20.06,74,7621969089430091674,7621969089430210308
1663743706304772236,20.06,226,7621969089430091674,7621969089430210308
1663743708751857080,20.04,60,7621969089430221710,7621969089430103035
1663743708751857080,20.04,540,7621969089430221710,7621969089430108457
1663743708773596208,20.04,960,7621969089430221710,7621969089430108457
1663743708773596208,20.04,40,7621969089430221710,7621969089430110851
1663743708952661792,20.04,2456,7621969089430221710,7621969089430110851
1663743708952661792,20.04,339,7621969089430221710,7621969089430110851
1663743708952661792,20.04,33,7621969089430221710,7621969089430110851
1663743708952661792,20.04,972,7621969089430221710,7621969089430110851
1663743709260240715,20.04,50,7621969089430221710,7621969089430110851
1663743709667911170,20.04,25,7621969089430221710,7621969089430110851
1663743710897564292,20.04,2,7621969089430239663,7621969089430110851
1663743711081612112,20.04,250,7621969089430221710,7621969089430110851
1663743711555503972,20.04,500,7621969089430221710,7621969089430110851
1663743712110399483,20.04,25,7621969089430221710,7621969089430110851
1663743712394999790,20.04,2500,7621969089430221710,7621969089430110851
1663743713163060747,20.04,500,7621969089430221710,7621969089430110851
1663743714734994337,20.04,646,7621969089430257557,7621969089430110851
1663743714734994337,20.04,354,7621969089430257557,7621969089430110851
1663743715007347866,20.04,25,7621969089430257557,7621969089430110851
1663743715076702685,20.04,124,7621969089430257557,7621969089430110851
1663743715581941073,20.04,1971,7621969089430257557,7621969089430110851
1663743715581941073,20.04,188,7621969089430257557,7621969089430110851
1663743715581941073,20.04,3,7621969089430257557,7621969089430129972
1663743715581941073,20.04,10,7621969089430257557,7621969089430133064
1663743715581941073,20.04,1757,7621969089430257557,7621969089430134973
1663743715581941073,20.04,1,7621969089430257557,7621969089430134973
1663743715581941073,20.04,743,7621969089430257557,7621969089430134973
1663743715581941073,20.04,548,7621969089430257557,7621969089430141037
1663743715581941073,20.04,299,7621969089430257557,7621969089430109743
1663743715581941073,20.04,1222,7621969089430257557,7621969089430181916
1663743715581941073,20.04,5000,7621969089430257557,7621969089430167044
1663743715581941073,20.04,465,7621969089430257557,7621969089430151439
1663743715581941073,20.02,1062,7621969089430257557,7621969089430086841
1663743715581941073,20.02,2300,7621969089430257557,7621969089430090199
1663743715581941073,20.02,1000,7621969089430257557,7621969089430094034
1663743715581941073,20.02,488,7621969089430257557,7621969089430220344
1663743715581941073,20.02,456,7621969089430257557,7621969089430220401
1663743715581941073,20.02,2208,7621969089430257557,7621969089430221666
1663743715581941073,20.02,2501,7621969089430257557,7621969089430181927
1663743715581941073,20.02,1629,7621969089430257557,7621969089430148960
1663743715581941073,20.02,371,7621969089430257571,7621969089430148960
1663743715581941073,20.02,1248,7621969089430257571,7621969089430150231
1663743715581941073,20.0,43,7621969089430257571,7621969089430239658
1663743715581941073,20.0,1185,7621969089430257581,7621969089430239658
1663743715585487451,20.0,272,7621969089430271224,7621969089430239658
1663743715585487451,20.0,1000,7621969089430271224,7621969089430251358
1663743715585487451,20.0,457,7621969089430271224,7621969089430253459
1663743715585487451,20.0,771,7621969089430271224,7621969089430271069
1663743715673022952,20.0,1,7621969089430271233,7621969089430271069
1663743715987273063,20.0,1,7621969089430271233,7621969089430271069
1663743716337398964,20.0,15,7621969089430271233,7621969089430271069
1663743717360203946,20.0,400,7621969089430271233,7621969089430271069
1663743717779016802,20.0,1245,7621969089430271233,7621969089430271069
1663743717779016802,20.0,869,7621969089430271378,7621969089430271069
1663743717779016802,20.0,50,7621969089430271378,7621969089430242447
1663743717779016802,20.0,81,7621969089430271378,7621969089430250485
1663743717779016802,20.0,4919,7621969089430275890,7621969089430250485
1663743717779016802,20.0,1605,7621969089430275890,7621969089430222059
1663743717779016802,20.0,896,7621969089430275890,7621969089430222059
1663743717779016802,20.0,109,7621969089430275890,7621969089430227221
1663743717779016802,20.0,226,7621969089430275890,7621969089430221864
1663743718043155546,20.0,2,7621969089430275890,7621969089430221864
1663743718787870544,20.0,1434,7621969089430275890,7621969089430221864
1663743718787870544,20.0,54,7621969089430275890,7621969089430044882
1663743718787870544,20.0,200,7621969089430275890,7621969089430092869
1663743718787870544,20.0,312,7621969089430275890,7621969089430099087
1663743719028975627,20.0,250,7621969089430275890,7621969089430099087
1663743719115598490,20.0,499,7621969089430275890,7621969089430099087
1663743719115598490,20.0,1,7621969089430275890,7621969089430057874
1663743719147008142,20.0,9,7621969089430275890,7621969089430057874
1663743719147008142,20.0,41,7621969089430275890,7621969089430221726
1663743719655407921,20.0,1000,7621969089430275890,7621969089430221726
1663743719728086450,20.0,1142,7621969089430275890,7621969089430221726
1663743719728086450,20.0,5000,7621969089430275890,7621969089429497434
1663743719728086450,20.0,125,7621969089430275890,7621969089430070417
1663743719728086450,20.0,456,7621969089430275890,7621969089430217839
1663743719728086450,20.0,113,7621969089430275890,7621969089430217839
1663743719728086450,20.0,1932,7621969089430275890,7621969089430217839
1663743719728086450,20.0,50,7621969089430275890,7621969089430118101
1663743719728086450,20.0,100,7621969089430275890,7621969089430216324
1663743719728086450,20.0,10,7621969089430275890,7621969089430125317
1663743719728086450,20.0,475,7621969089430275890,7621969089430210607
1663743719728086450,20.0,275,7621969089430275890,7621969089430210607
1663743719728086450,20.0,500,7621969089430275890,7621969089429974955
1663743720206968639,20.0,1000,7621969089430275890,7621969089430303120
1663743720527546034,19.99,300,7621969089430303724,7621969089430251366
1663743720554404893,19.99,2201,7621969089430231007,7621969089430251366
1663743720554404893,19.99,69,7621969089430231007,7621969089430026006
1663743720554404893,19.99,1,7621969089430231007,7621969089430026006
1663743720554404893,19.99,5,7621969089430231007,7621969089430030141
1663743720554404893,19.99,224,7621969089430231007,7621969089429974813
1663743720554451086,19.99,1545,7621969089430231007,7621969089429974813
1663743720554451086,19.99,1,7621969089430231007,7621969089430003195
1663743720554451086,19.99,1,7621969089430231007,7621969089430031902
1663743720554451086,19.99,653,7621969089430231007,7621969089430011642
1663743723928253559,20.0,10,7621969089430316422,7621969089430328069
1663743725448625931,20.0,100,7621969089430316422,7621969089430033501
1663743726070926754,20.0,1,7621969089430316422,7621969089430339756
1663743726420585938,20.0,89,7621969089430316422,7621969089430339756
1663743726420585938,20.0,300,7621969089430333860,7621969089430339756
1663743726420585938,20.0,75,7621969089430316422,7621969089430339756
1663743726420585938,20.0,36,7621969089430322408,7621969089430339756
1663743727326854968,20.0,645,7621969089430322408,7621969089430339756
1663743727326854968,20.0,174,7621969089430322408,7621969089430339756
1663743727326854968,20.0,680,7621969089430275890,7621969089430339756
1663743727326854968,20.0,262,7621969089430275890,7621969089430339803
1663743727326854968,20.0,878,7621969089430322522,7621969089430339803
1663743727326854968,20.0,1322,7621969089430275890,7621969089430339803
1663743727326854968,20.0,1,7621969089430275890,7621969089430339803
1663743727326854968,20.0,37,7621969089430323680,7621969089430339803
1663743727326854968,20.0,198,7621969089430323680,7621969089430347658
1663743727326854968,20.0,20,7621969089430288525,7621969089430347658
1663743727326854968,20.0,215,7621969089430281724,7621969089430347658
1663743728298540530,20.0,400,7621969089430281724,7621969089430347658
1663743728347162355,20.0,500,7621969089430281724,7621969089430347658
1663743729687346416,20.0,500,7621969089430281724,7621969089430365386
1663743729933466308,20.0,200,7621969089430281724,7621969089430365386
1663743730498927253,20.0,1000,7621969089430281724,7621969089430365386
1663743730972819554,20.0,500,7621969089430281724,7621969089430365386
1663743731036587064,20.0,50,7621969089430281724,7621969089430365386
1663743731221800027,20.0,2065,7621969089430281724,7621969089430365386
1663743731221800027,20.0,435,7621969089430281724,7621969089430365431
1663743731600716313,20.0,500,7621969089430281724,7621969089430365431
1663743731692850351,20.0,1,7621969089430281724,7621969089430365431
1663743735664587602,20.0,200,7621969089430281724,7621969089430365466
1663743736626052320,20.0,2300,7621969089430281724,7621969089430365466
1663743736626052320,20.0,1000,7621969089430281724,7621969089430370952
1663743736626052320,20.0,1430,7621969089430281724,7621969089430303104
1663743736626052320,20.0,19,7621969089430291848,7621969089430303104
1663743736626052320,20.0,100,7621969089430294486,7621969089430303104
1663743736626052320,20.0,50,7621969089430299875,7621969089430303104
1663743736626052320,20.02,1601,7621969089430221710,7621969089430303104
1663743736732895420,20.02,865,7621969089430221710,7621969089430303104
1663743739308184239,20.02,1039,7621969089430221710,7621969089430303104
1663743739308184239,20.02,10,7621969089430221710,7621969089430377854
1663743739308184239,20.02,12,7621969089430221710,7621969089430380829
1663743739308184239,20.02,1,7621969089430221710,7621969089430406307
1663743739308184239,20.02,938,7621969089430221710,7621969089430345903
1663743740239623444,20.02,800,7621969089430221710,7621969089430345903
1663743742821602101,20.02,25,7621969089430221710,7621969089430447640
1663743742821602101,20.02,2282,7621969089430221710,7621969089430447655
1663743742821602101,20.02,1772,7621969089430221710,7621969089430447655
1663743742821689033,20.02,2161,7621969089430221710,7621969089430447655
1663743742821689033,20.02,2500,7621969089430221710,7621969089430449104
1663743742821689033,20.02,1617,7621969089430221710,7621969089430449809
1663743742821689033,20.02,591,7621969089430221710,7621969089430449809
1663743743108690443,20.02,1000,7621969089430221710,7621969089430454362
1663743743108690443,20.02,1885,7621969089430221710,7621969089430345903
1663743744382329674,20.02,100,7621969089430221710,7621969089430461226
1663743745411250330,20.02,105,7621969089430221710,7621969089430461226
1663743745784784491,20.02,650,7621969089430221710,7621969089430471835
1663743746156906955,20.02,500,7621969089430221710,7621969089430471835
1663743746670901048,20.02,367,7621969089430221710,7621969089430471835
1663743746984690108,20.02,452,7621969089430221710,7621969089430471835
1663743746984690108,20.02,3098,7621969089430221710,7621969089430475682
1663743747058237715,20.02,1000,7621969089430221710,7621969089430481452
1663743747120196097,20.02,2,7621969089430221710,7621969089430482205
1663743749414915403,20.02,3096,7621969089430221710,7621969089430482205
1663743749414915403,20.02,1969,7621969089430221710,7621969089430486413
1663743749414915403,20.02,4935,7621969089430221710,7621969089430487467
1663743749658504840,20.02,50,7621969089430221710,7621969089430487467
1663743749658504840,20.02,382,7621969089430221710,7621969089430368192
1663743750526248831,20.02,618,7621969089430221710,7621969089430368192
1663743750526248831,20.02,400,7621969089430221710,7621969089430419192
1663743750526248831,20.02,1673,7621969089430221710,7621969089430495347
1663743750526248831,20.02,3098,7621969089430221710,7621969089430495532
1663743750526248831,20.02,500,7621969089430221710,7621969089430500290
1663743750526248831,20.02,604,7621969089430221710,7621969089430461226
1663743750607863437,20.02,1722,7621969089430221710,7621969089430500564
1663743753076168764,20.02,1250,7621969089430221710,7621969089430517477
1663743753427043549,20.02,49,7621969089430221710,7621969089430461226
1663743753836683198,20.02,5000,7621969089430221710,7621969089430519561
1663743753836683198,20.02,2381,7621969089430221710,7621969089430519577
1663743754507658181,20.02,3,7621969089430221710,7621969089430525408
1663743754507658181,20.02,1906,7621969089430221710,7621969089430527569
1663743754731329425,20.02,50,7621969089430221710,7621969089430527597
1663743754922995801,20.02,3,7621969089430221710,7621969089430527597
1663743754944826142,20.02,948,7621969089430221710,7621969089430527597
1663743754944826142,20.02,3100,7621969089430221710,7621969089430528131
1663743754944826142,20.02,143,7621969089430221710,7621969089430461226
1663743754944826142,20.02,100,7621969089430221710,7621969089430465590
1663743754944826142,20.02,1000,7621969089430221710,7621969089430466851
1663743754944826142,20.02,100,7621969089430221710,7621969089430467606
1663743754944826142,20.02,4636,7621969089430221710,7621969089430467612
1663743754944826142,20.02,3973,7621969089430221710,7621969089430470448
1663743755383750748,20.02,500,7621969089430221710,7621969089430470448
1663743756434550932,20.02,625,7621969089430221710,7621969089430470448
1663743756434550932,20.02,300,7621969089430221710,7621969089430471234
1663743756434550932,20.02,1001,7621969089430221710,7621969089430489243
1663743756434550932,20.02,2000,7621969089430221710,7621969089430379117
1663743756434550932,20.02,1000,7621969089430221710,7621969089430495371
1663743756434550932,20.02,26,7621969089430221710,7621969089430497919
1663743756434550932,20.02,12,7621969089430221710,7621969089430498463
1663743756434550932,20.02,250,7621969089430221710,7621969089430499718
1663743756434550932,20.02,1000,7621969089430221710,7621969089430517612
1663743756434550932,20.02,7937,7621969089430221710,7621969089430518996
1663743756434550932,20.02,400,7621969089430221710,7621969089430522695
1663743756434550932,20.02,2208,7621969089430221710,7621969089430527578
1663743756434550932,20.02,250,7621969089430221710,7621969089430531290
1663743756436808539,20.02,1300,7621969089430221710,7621969089430539782
1663743758530666389,20.02,4627,7621969089430221710,7621969089430556442
1663743759354839082,20.02,2000,7621969089430221710,7621969089430560623
1663743759355035265,20.02,498,7621969089430221710,7621969089430560623
1663743760764122811,20.02,50000,7621969089430221710,7621969089430566855
1663743760764122811,20.02,2183,7621969089430221710,7621969089430566890
1663743760764660015,20.02,7786,7621969089430221710,7621969089430345903
1663743760764660015,20.02,1700,7621969089430221710,7621969089430345903
1663743760764660015,20.02,1390,7621969089430221710,7621969089430345903
1663743760764660015,20.02,100,7621969089430221710,7621969089430345903
1663743760764660015,20.02,5401,7621969089430221774,7621969089430345903
1663743760764660015,20.02,972,7621969089430221774,7621969089430420088
1663743760764660015,20.02,237,7621969089430221774,7621969089430423098
1663743760764660015,20.02,10000,7621969089430221774,7621969089430427179
1663743760764660015,20.02,1001,7621969089430221774,7621969089430427617
1663743760764660015,20.02,25,7621969089430221774,7621969089430434457
1663743760764660015,20.02,3223,7621969089430221774,7621969089430442829
1663743760764660015,20.02,10,7621969089430256136,7621969089430442829
1663743760764660015,20.02,100,7621969089430339917,7621969089430442829
1663743760764660015,20.02,300,7621969089430281735,7621969089430442829
1663743760784256751,20.02,2000,7621969089430573913,7621969089430573653
1663743760893538941,20.02,500,7621969089430573913,7621969089430573653
1663743760893538941,20.02,1367,7621969089430573913,7621969089430442829
1663743760893538941,20.02,133,7621969089430573913,7621969089430443914
1663743761385688492,20.02,67,7621969089430573913,7621969089430443914
1663743761385688492,20.02,202,7621969089430573913,7621969089430424852
1663743761385688492,20.02,31,7621969089430573913,7621969089430556565
1663743761420303277,20.02,880,7621969089430579845,7621969089430556565
1663743761420303277,20.02,182,7621969089430579845,7621969089430539773
1663743761420303277,20.02,538,7621969089430579845,7621969089430458963
1663743761751057099,20.02,3,7621969089430580011,7621969089430458963
1663743762668317128,20.02,1001,7621969089430580011,7621969089430458963
1663743762735768805,20.02,50,7621969089430580011,7621969089430458963
1663743762913216337,20.02,3223,7621969089430580011,7621969089430458963
1663743762913216337,20.02,185,7621969089430582287,7621969089430458963
1663743762913216337,20.02,635,7621969089430582287,7621969089430573520
1663743762913216337,20.02,1576,7621969089430582294,7621969089430573520
1663743762913216337,20.02,500,7621969089430582294,7621969089430573229
1663743762913216337,20.02,1881,7621969089430582294,7621969089429881287
1663743763116449534,20.02,2,7621969089430590138,7621969089429881287
1663743763226645275,20.02,65,7621969089430590138,7621969089429881287
1663743763776483097,20.02,3227,7621969089430590138,7621969089429881287
1663743763776483097,20.02,860,7621969089430590140,7621969089429881287
1663743763776483097,20.02,3965,7621969089430591951,7621969089429881287
1663743763776483097,20.02,270,7621969089430591951,7621969089430494088
1663743763776483097,20.0,2982,7621969089430591951,7621969089430347658
1663743763776483097,20.0,1000,7621969089430591951,7621969089430349572
1663743763776483097,20.0,5000,7621969089430591951,7621969089430356995
1663743763776483097,20.0,200,7621969089430591951,7621969089430352816
1663743763776483097,20.0,2496,7621969089430591951,7621969089430360320
1663743763835075917,20.0,500,7621969089430591951,7621969089430360320
1663743765489645763,20.0,2500,7621969089430603026,7621969089430360320
1663743765867188748,20.0,1250,7621969089430603026,7621969089430360320
1663743766041024810,20.0,15,7621969089430603026,7621969089430360320
1663743766365104830,20.0,4277,7621969089430615123,7621969089430360320
1663743767232092419,20.0,3,7621969089430615067,7621969089430360320
1663743768779381252,20.0,10,7621969089430615067,7621969089430360320
1663743769331850952,20.0,500,7621969089430615067,7621969089430360320
1663743769399348901,20.0,15,7621969089430638035,7621969089430360320
1663743770467328082,20.0,300,7621969089430643199,7621969089430360320
1663743770644822297,20.0,200,7621969089430643199,7621969089430360320
1663743771126492237,20.0,2447,7621969089430649289,7621969089430360320
1663743771530663248,20.0,5000,7621969089430579915,7621969089430360320
1663743772328048474,20.0,3,7621969089430604898,7621969089430360320
1663743772520286427,20.0,4755,7621969089430660768,7621969089430360320
1663743773052316031,20.0,729,7621969089430661393,7621969089430360320
1663743773052316031,20.0,100,7621969089430661393,7621969089430374351
1663743773052316031,20.0,23,7621969089430661393,7621969089430375575
1663743773052316031,20.0,3977,7621969089430661411,7621969089430375575
1663743773052316031,20.0,50,7621969089430661411,7621969089430375647
1663743773052316031,20.0,5,7621969089430661411,7621969089430390449
1663743773052316031,20.0,10,7621969089430661411,7621969089430396819
1663743773052316031,20.0,100,7621969089430661411,7621969089430391957
1663743773052316031,20.0,135,7621969089430661411,7621969089430423492
1663743773052316031,20.0,365,7621969089430662981,7621969089430423492
1663743773052316031,20.0,1135,7621969089430662981,7621969089430424313
1663743773052316031,20.0,865,7621969089430604898,7621969089430424313
1663743773052316031,20.0,4484,7621969089430604898,7621969089430432044
1663743773052316031,20.0,3016,7621969089428628209,7621969089430432044
1663743773052316031,20.0,2100,7621969089428628209,7621969089430432044
1663743773052316031,20.0,250,7621969089428628209,7621969089430440035
1663743773052316031,20.0,220,7621969089428628209,7621969089430440383
1663743773052316031,20.0,200,7621969089428628209,7621969089430441796
1663743773052316031,20.0,1046,7621969089428628209,7621969089430550167
1663743773052316031,20.0,1000,7621969089428628209,7621969089429960860
1663743773052316031,20.0,2200,7621969089428628209,7621969089430510925
1663743773052316031,20.0,10,7621969089428628209,7621969089430492597
1663743773052316031,19.99,2500,7621969089428628209,7621969089430305811
1663743773052316031,19.99,2458,7621969089428628209,7621969089430305816
1663743773052316031,19.99,60,7621969089430607374,7621969089430305816
1663743773053098746,20.0,8587,7621969089430591951,7621969089430664776
1663743773053098746,20.0,1046,7621969089430596161,7621969089430664776
1663743773053098746,20.0,10,7621969089430653473,7621969089430664776
1663743774118469603,20.0,1,7621969089430664816,7621969089430664776
1663743774402823936,20.0,300,7621969089430664816,7621969089430664776
1663743774492283517,20.0,1,7621969089430664816,7621969089430664776
1663743774499982429,20.0,2169,7621969089430664816,7621969089430664776
1663743774635162406,20.0,456,7621969089430672528,7621969089430664776
1663743774635162406,20.0,749,7621969089430664816,7621969089430664776
1663743776490116534,20.0,795,7621969089430664816,7621969089430676151
1663743776490116534,20.0,1,7621969089430664816,7621969089430676151
1663743776490116534,20.0,704,7621969089430664816,7621969089430676151
1663743777349488419,20.0,901,7621969089430664816,7621969089430676151
1663743778592484352,20.0,197,7621969089430664816,7621969089430676151
1663743778592484352,20.0,50,7621969089430664816,7621969089430676151
1663743778592484352,20.0,1,7621969089430664816,7621969089430676151
1663743778592484352,20.0,1,7621969089430664816,7621969089430676151
1663743778592484352,20.0,751,7621969089430665034,7621969089430676151
1663743778927788792,20.0,300,7621969089430665034,7621969089430676151
1663743779728728246,20.0,2500,7621969089430665034,7621969089430676151
1663743779729064559,20.0,1449,7621969089430665034,7621969089430676151
1663743779729064559,20.0,13795,7621969089430667283,7621969089430676151
1663743780064509071,20.0,1500,7621969089430701600,7621969089430676151
1663743780371763670,20.0,1,7621969089430701600,7621969089430676151
1663743780887753379,20.0,1,7621969089430701600,7621969089430676151
1663743781731375517,20.0,10,7621969089430701600,7621969089430676151
1663743781745953219,20.0,1,7621969089430701600,7621969089430676151
1663743782471199809,20.0,5000,7621969089430717969,7621969089430676151
1663743782750137064,20.0,1,7621969089430701600,7621969089430676151
1663743783174821268,20.0,1,7621969089430723503,7621969089430676151
1663743783360821473,20.0,1443,7621969089430723503,7621969089430676151
1663743783360821473,20.0,1000,7621969089430723503,7621969089430676990
1663743783360821473,20.0,500,7621969089430723503,7621969089430680972
1663743783360821473,19.99,2056,7621969089430723503,7621969089430305816
1663743786749564442,20.0,2950,7621969089430701600,7621969089430743504
1663743788157294618,20.0,25,7621969089430701600,7621969089430743504
1663743789358204326,20.0,300,7621969089430701600,7621969089430743504
1663743790950676247,20.0,500,7621969089430701600,7621969089430743504
1663743791079742976,20.0,500,7621969089430701600,7621969089430743504
1663743791884753241,20.0,1511,7621969089430701600,7621969089430743504
1663743791884753241,20.0,47,7621969089430713651,7621969089430743504
1663743791884753241,20.0,1942,7621969089430717924,7621969089430743504
1663743792715179434,20.0,320,7621969089430717924,7621969089430743504
1663743794413448800,20.0,500,7621969089430717924,7621969089430743504
1663743795020312370,20.0,2500,7621969089430717924,7621969089430743504
1663743795020637078,20.0,13777,7621969089430717924,7621969089430743504
1663743795021124880,20.0,129,7621969089430717924,7621969089430743504
1663743795021124880,20.0,1,7621969089430717924,7621969089430743504
1663743795021124880,20.0,1,7621969089430717924,7621969089430743504
1663743795021124880,20.0,5430,7621969089430717924,7621969089430743504
1663743795021124880,20.0,1,7621969089430717924,7621969089430743504
1663743795021124880,20.0,5,7621969089430717924,7621969089430743504
1663743795021124880,20.0,390,7621969089430717924,7621969089430743504
1663743795021124880,20.0,1,7621969089430717924,7621969089430743504
1663743795021124880,20.0,1,7621969089430717924,7621969089430743504
1663743795021124880,20.0,1,7621969089430717924,7621969089430743504
1663743795021124880,20.0,1,7621969089430717924,7621969089430743504
1663743795021124880,20.0,741,7621969089430535269,7621969089430743504
1663743795021124880,20.0,43,7621969089430727272,7621969089430743504
1663743795021124880,20.0,449,7621969089430723562,7621969089430743504
1663743795021124880,20.0,200,7621969089430723562,7621969089430747261
1663743795021124880,20.0,5,7621969089430723562,7621969089430753064
1663743795021124880,20.0,4600,7621969089430723562,7621969089430758801
1663743795021124880,20.0,150,7621969089430723562,7621969089430761328
1663743795021124880,20.0,9,7621969089430723562,7621969089430788864
1663743795021124880,20.0,1000,7621969089430723562,7621969089430790179
1663743795021124880,20.0,3587,7621969089430723562,7621969089430802477
1663743795021124880,20.0,970,7621969089430735022,7621969089430802477
1663743795021124880,20.0,443,7621969089430737409,7621969089430802477
1663743799641450765,19.99,1001,7621969089430839293,7621969089430738319
1663743799739641347,19.99,1,7621969089430839266,7621969089430738319
1663743800303680691,19.99,1,7621969089430839266,7621969089430738319
1663743800610174191,19.99,10,7621969089430848760,7621969089430738319
1663743800610174191,19.99,15,7621969089430839266,7621969089430738319
1663743800709454676,19.99,1,7621969089430839266,7621969089430738319
1663743801152206828,19.99,1,7621969089430839266,7621969089430738319
1663743801598903568,19.99,1,7621969089430839266,7621969089430738319
1663743801678484962,19.99,1380,7621969089430839266,7621969089430738319
1663743801678484962,19.99,89,7621969089430839278,7621969089430738319
1663743801678484962,19.99,100,7621969089430839278,7621969089430806516
1663743801678484962,19.99,500,7621969089430839278,7621969089430738319
1663743801678484962,19.99,293,7621969089430839278,7621969089430738319
1663743801678484962,19.99,1638,7621969089430855273,7621969089430738319
1663743802132295233,19.99,1,7621969089430862048,7621969089430738319
1663743802555745498,19.99,1,7621969089430862048,7621969089430738319
1663743803021220810,19.99,1,7621969089430862048,7621969089430738319
1663743803110758264,19.99,10,7621969089430862048,7621969089430738319
1663743803161891991,19.99,25,7621969089430862048,7621969089430738319
1663743803588723666,19.99,1,7621969089430862048,7621969089430738319
1663743804031644111,19.99,1,7621969089430862048,7621969089430738319
1663743804427703308,19.99,1,7621969089430862048,7621969089430738319
1663743804857803861,19.99,1,7621969089430862048,7621969089430738319
1663743805939016277,19.99,1,7621969089430862048,7621969089430738319
1663743806346569299,19.99,26,7621969089430862048,7621969089430738319
1663743806346569299,19.99,8000,7621969089430862048,7621969089430738319
1663743806346569299,19.99,500,7621969089430862048,7621969089430328085
1663743806346569299,19.99,1474,7621969089430862048,7621969089430741614
1663743806427005307,19.99,1,7621969089430862048,7621969089430741614
1663743806874800158,19.99,1,7621969089430862048,7621969089430741614
1663743807274087637,19.99,1,7621969089430862048,7621969089430741614
1663743807668494940,19.99,1,7621969089430862048,7621969089430741614
1663743807953077716,19.99,200,7621969089430862048,7621969089430741614
1663743808021317678,19.99,1,7621969089430862048,7621969089430741614
1663743809380384030,19.99,1,7621969089430862048,7621969089430741614
1663743809391884424,19.99,49,7621969089430862048,7621969089430741614
1663743809924122135,19.99,1,7621969089430862048,7621969089430741614
1663743811640781932,19.99,100,7621969089430923342,7621969089430741614
1663743812248419100,19.99,2200,7621969089430923342,7621969089430741614
1663743812248419100,19.99,5970,7621969089430862048,7621969089430741614
1663743812248419100,19.99,126,7621969089430862048,7621969089430305816
1663743812248419100,19.99,1704,7621969089430862048,7621969089430376561
1663743812508252427,19.99,3296,7621969089430934283,7621969089430376561
1663743812508252427,19.99,1,7621969089430934283,7621969089430341138
1663743812508252427,19.99,3,7621969089430934283,7621969089430341179
1663743812593336068,19.99,5,7621969089430934440,7621969089430341179
1663743813198343220,19.99,1,7621969089430934440,7621969089430341179
1663743813763110211,19.99,4,7621969089430934440,7621969089430341179
1663743813847350702,19.99,1070,7621969089430934440,7621969089430341179
1663743813847350702,19.99,290,7621969089430934440,7621969089430011642
1663743813928051275,19.99,57,7621969089430943403,7621969089430011642
1663743813928051275,19.99,63,7621969089430943403,7621969089430341527
1663743815489083458,19.99,50,7621969089430951036,7621969089430341527
1663743815889022448,19.99,1000,7621969089430958578,7621969089430341527
1663743816813463569,19.99,1000,7621969089430943403,7621969089430341527
1663743817014328231,19.99,25,7621969089430943403,7621969089430341527
1663743817098499806,19.99,226,7621969089430943403,7621969089430341527
1663743817098499806,19.99,96,7621969089430946917,7621969089430341527
1663743817362932301,19.99,1540,7621969089430946917,7621969089430341527
1663743817362932301,19.99,2501,7621969089430946917,7621969089430005223
1663743817362932301,19.99,126,7621969089430946917,7621969089430033083
1663743817362932301,19.99,4506,7621969089430946917,7621969089430725956
1663743817362932301,19.99,927,7621969089430946917,7621969089430012363
1663743817362932301,19.99,2500,7621969089430946917,7621969089430675252
1663743817362932301,19.99,109,7621969089430946917,7621969089430675252
1663743817362932301,19.99,528,7621969089430946919,7621969089430675252
1663743817362932301,19.99,471,7621969089430946919,7621969089430675252
1663743817362932301,19.99,1502,7621969089430946919,7621969089430675252
1663743817362932301,19.99,822,7621969089430951034,7621969089430675252
1663743817700638530,19.99,176,7621969089430970622,7621969089430675252
1663743817700638530,19.99,621,7621969089430970622,7621969089430675252
1663743817700638530,19.99,1704,7621969089430970622,7621969089430346935
1663743817759177636,19.99,10,7621969089430934068,7621969089430346935
1663743817811042335,19.99,1,7621969089430934068,7621969089430346935
1663743818181202488,19.99,1,7621969089430934068,7621969089430346935
1663743818682454020,19.99,284,7621969089430934068,7621969089430346935
1663743818682454020,19.99,100,7621969089430934068,7621969089430697415
1663743818682454020,19.99,5,7621969089430934068,7621969089430692452
1663743818682454020,19.99,111,7621969089430934068,7621969089430756822
1663743818767062061,19.99,1,7621969089430934068,7621969089430756822
1663743819067260658,19.99,1017,7621969089430983609,7621969089430756822
1663743819332165517,19.99,1,7621969089430983654,7621969089430756822
1663743819566280429,19.99,2500,7621969089430983654,7621969089430756822
1663743819566280429,19.99,384,7621969089430987717,7621969089430756822
1663743819566853376,19.99,2500,7621969089430987752,7621969089430756822
1663743820535865414,19.99,100,7621969089430987730,7621969089430756822
1663743820571342231,19.99,200,7621969089430987730,7621969089430756822
1663743822040710831,19.99,671,7621969089430996386,7621969089430756822
1663743822040710831,19.99,293,7621969089430996455,7621969089430756822
1663743822040710831,19.99,36,7621969089431000835,7621969089430756822
1663743822064666765,19.99,2186,7621969089431003892,7621969089430756822
1663743822064666765,19.99,2091,7621969089431003892,7621969089430012891
1663743822064666765,19.99,915,7621969089431003897,7621969089430012891
1663743822092213363,19.99,100,7621969089431004091,7621969089430012891
1663743822263856494,19.99,1,7621969089431004091,7621969089430012891
1663743822336071972,19.99,300,7621969089431000835,7621969089430012891
1663743822815064539,19.99,25,7621969089431006124,7621969089430012891
1663743822882789285,19.99,1,7621969089431006124,7621969089430012891
1663743823049532942,19.99,889,7621969089431006124,7621969089430012891
1663743823049532942,19.99,878,7621969089431008567,7621969089430012891
1663743823049532942,19.99,1412,7621969089431008570,7621969089430012891
1663743823049532942,19.99,1089,7621969089431008570,7621969089430012891
1663743823393657258,19.99,1,7621969089431010036,7621969089430012891
1663743823667580001,19.99,379,7621969089431010036,7621969089430012891
1663743823667580001,19.99,535,7621969089431010040,7621969089430012891
1663743823667580001,19.99,86,7621969089431010052,7621969089430012891
1663743823834183894,19.99,5,7621969089431010052,7621969089430012891
1663743823858762727,19.99,1,7621969089431010052,7621969089430012891
1663743824131849301,19.99,100,7621969089431010052,7621969089430012891
1663743824141005334,19.99,250,7621969089431010052,7621969089430012891
1663743824233037507,19.99,1,7621969089431010052,7621969089430012891
1663743824707945521,19.99,1,7621969089431010052,7621969089430012891
1663743825110365783,19.99,311,7621969089431012960,7621969089430012891
1663743825242609101,19.99,1,7621969089431012960,7621969089430012891
1663743825316612532,19.99,643,7621969089431024024,7621969089430012891
1663743825316612532,19.99,10,7621969089431024024,7621969089430789560
1663743825316612532,19.99,717,7621969089431024024,7621969089430018170
1663743825706254296,19.99,688,7621969089431012960,7621969089430018170
1663743825706254296,19.99,304,7621969089431013492,7621969089430018170
1663743825706254296,19.99,8,7621969089431013494,7621969089430018170
1663743825896450170,19.99,1,7621969089431013494,7621969089430018170
1663743826334924886,19.99,271,7621969089431013494,7621969089430018170
1663743826334924886,19.99,1729,7621969089431024055,7621969089430018170
1663743826335072094,19.99,1282,7621969089431024055,7621969089430018170
1663743826335072094,19.99,1280,7621969089431024055,7621969089430222005
1663743826335072094,19.99,626,7621969089430983619,7621969089430222005
1663743826335072094,19.99,1300,7621969089430983619,7621969089430024172
1663743826335072094,19.99,1250,7621969089430983619,7621969089430045735
1663743826335072094,19.99,25,7621969089430983619,7621969089430372534
1663743826335072094,19.99,200,7621969089430983619,7621969089430087628
1663743826335072094,19.99,1001,7621969089430983619,7621969089430061792
1663743826335072094,19.99,50,7621969089430983619,7621969089430074435
1663743826335072094,19.99,548,7621969089430983619,7621969089430221729
1663743826335072094,19.99,860,7621969089431024090,7621969089430221729
1663743826390360358,19.99,1,7621969089431000835,7621969089430221729
1663743826845752478,19.99,1,7621969089431000835,7621969089430221729
1663743827418018240,19.99,5,7621969089431039846,7621969089430221729
1663743827556505800,19.99,10,7621969089431040305,7621969089430221729
1663743827642268698,19.99,1076,7621969089431040305,7621969089430221729
1663743827642268698,19.99,29,7621969089431040305,7621969089430084723
1663743827642268698,19.99,1,7621969089431040305,7621969089430084741
1663743827642268698,19.99,500,7621969089431040305,7621969089430108579
1663743827642268698,19.99,250,7621969089431040305,7621969089430133784
1663743827642268698,19.99,2144,7621969089431040305,7621969089430003875
1663743827642406460,19.99,1171,7621969089431040305,7621969089430003875
1663743827642406460,19.99,5427,7621969089431040305,7621969089430003875
1663743827701555459,19.99,1,7621969089431039846,7621969089430003875
1663743827721375582,19.99,1000,7621969089431039846,7621969089430003875
1663743828187981068,19.99,1000,7621969089431039846,7621969089430003875
1663743828203389516,19.99,494,7621969089431039846,7621969089430003875
1663743828204198587,19.99,1632,7621969089431047039,7621969089430003875
1663743828333846894,19.99,1,7621969089431000835,7621969089430003875
1663743828781474249,19.99,1,7621969089431000835,7621969089430003875
1663743829254509446,19.99,1,7621969089431000835,7621969089430003875
1663743829477822448,19.99,100,7621969089431000835,7621969089430003875
1663743829658561444,19.99,9765,7621969089431000835,7621969089430003875
1663743829658695630,19.99,8605,7621969089431000835,7621969089430003875
1663743829658695630,19.99,3658,7621969089431000835,7621969089430003875
1663743829658695630,19.99,1000,7621969089431000835,7621969089430164235
1663743829658695630,19.99,100,7621969089431000835,7621969089430569696
1663743829658695630,19.99,5,7621969089431000835,7621969089430511013
1663743829658695630,19.99,1426,7621969089431000835,7621969089430376562
1663743829658695630,19.99,2501,7621969089431004082,7621969089430376562
1663743829658695630,19.99,100,7621969089431008117,7621969089430376562
1663743829658695630,19.99,973,7621969089431038841,7621969089430376562
1663743829658695630,19.98,668,7621969089431038841,7621969089429978479
1663743829658695630,19.98,300,7621969089431038841,7621969089430324194
1663743829658695630,19.98,500,7621969089431038841,7621969089430675149
1663743829658695630,19.98,1000,7621969089431038841,7621969089430675149
1663743829658695630,19.98,4277,7621969089431038841,7621969089430600732
1663743829658695630,19.98,2282,7621969089431038841,7621969089430656292
1663743829658695630,19.98,95,7621969089431010241,7621969089430656292
1663743829659301498,19.98,752,7621969089430987765,7621969089430656292
1663743829659301498,19.98,600,7621969089431019189,7621969089430656292
1663743829659301498,19.98,300,7621969089431049072,7621969089430656292
1663743829784006135,19.98,1,7621969089430934068,7621969089430656292
1663743830444130888,19.98,1,7621969089430934068,7621969089430656292
1663743830811630160,19.98,1,7621969089430934068,7621969089430656292
1663743831352079249,19.98,1,7621969089430934068,7621969089430656292
1663743831974131933,19.98,1,7621969089430934068,7621969089430656292
1663743832125412893,19.98,1,7621969089430934068,7621969089430656292
1663743832407564954,19.98,242,7621969089430934068,7621969089430656292
1663743832407564954,19.98,852,7621969089430934068,7621969089430599976
1663743832407564954,19.98,15606,7621969089430934068,7621969089430325415
1663743832407564954,19.98,4394,7621969089430934068,7621969089430325415
1663743832407564954,19.98,983,7621969089430934068,7621969089430736060
1663743832407564954,19.98,17,7621969089430934068,7621969089430736060
1663743832407564954,19.98,1159,7621969089430934068,7621969089429989404
1663743832407564954,19.98,400,7621969089430934068,7621969089430313402
1663743832407564954,19.98,500,7621969089430934068,7621969089430315646
1663743832407564954,19.98,445,7621969089430934068,7621969089430251373
1663743832407564954,19.98,200,7621969089430986426,7621969089430251373
1663743832407564954,19.98,20,7621969089431004199,7621969089430251373
1663743832407564954,19.98,535,7621969089431048462,7621969089430251373
1663743832407564954,19.98,462,7621969089431055118,7621969089430251373
1663743832407564954,19.98,2039,7621969089431055118,7621969089430705428
1663743832407951815,19.98,300,7621969089430966823,7621969089430705428
1663743832407951815,19.98,10,7621969089431028411,7621969089430705428
1663743832407951815,19.98,51,7621969089431048451,7621969089430705428
1663743832407951815,19.98,817,7621969089431048451,7621969089430233696
1663743832407951815,19.98,10,7621969089431050235,7621969089430233696
1663743832407951815,19.98,2501,7621969089431055155,7621969089430233696
1663743832414415941,19.98,1307,7621969089430969765,7621969089430233696
1663743832414415941,19.98,9,7621969089430969765,7621969089430332705
1663743832414415941,19.98,1149,7621969089430969765,7621969089430701561
1663743832414415941,19.98,500,7621969089430984307,7621969089430701561
1663743832414415941,19.98,200,7621969089431008518,7621969089430701561
1663743832414415941,19.98,10,7621969089431067905,7621969089430701561
1663743832414415941,19.98,641,7621969089431070359,7621969089430701561
1663743832414415941,19.98,1500,7621969089431070359,7621969089430701561
1663743832414415941,19.98,2136,7621969089431070359,7621969089430701561
1663743832417009631,19.98,3453,7621969089431070531,7621969089430701561
1663743832431690083,19.98,1,7621969089431070575,7621969089430701561
1663743833024099682,19.98,1,7621969089431070575,7621969089430701561
1663743833511306994,19.98,1,7621969089431070382,7621969089430701561
1663743833669607717,19.98,408,7621969089431080083,7621969089430701561
1663743833669607717,19.98,100,7621969089431080083,7621969089430002124
1663743833669607717,19.98,3423,7621969089431080083,7621969089430039021
1663743833906044491,19.98,1,7621969089431070382,7621969089430039021
1663743834286084074,19.98,1,7621969089431070382,7621969089430039021
1663743834737950867,19.98,1,7621969089431070382,7621969089430039021
1663743835098422757,19.98,119,7621969089430862048,7621969089430039021
1663743835337488663,19.98,1,7621969089430862048,7621969089430039021
1663743835807441203,19.98,1,7621969089430862048,7621969089430039021
1663743836305861708,19.98,1,7621969089430862048,7621969089430039021
1663743836775790929,19.98,1,7621969089430862048,7621969089430039021
1663743837664314512,19.98,1,7621969089430862048,7621969089430039021
1663743838350440361,19.98,1,7621969089430862048,7621969089430039021
1663743838850771148,19.98,1000,7621969089430862048,7621969089430039021
1663743838877757809,19.98,1,7621969089430862048,7621969089430039021
1663743839400149955,19.98,1,7621969089430862048,7621969089430039021
1663743840023827731,19.98,1,7621969089430862048,7621969089430039021
1663743840391813656,19.98,1,7621969089430862048,7621969089430039021
1663743840921294273,19.98,100,7621969089430862048,7621969089430039021
1663743840939468381,19.98,1,7621969089430862048,7621969089430039021
1663743841039179779,19.98,2,7621969089430862048,7621969089430039021
1663743841649847513,19.98,1,7621969089430862048,7621969089430039021
1663743842118786600,19.98,1,7621969089430862048,7621969089430039021
1663743842548762457,19.98,1,7621969089430862048,7621969089430039021
1663743843067800297,19.98,1,7621969089430862048,7621969089430039021
1663743843294277839,19.98,249,7621969089430862048,7621969089430039021
1663743843463714957,19.98,1,7621969089430862048,7621969089430039021
1663743844825583149,19.98,5088,7621969089430862048,7621969089430039021
1663743844825583149,19.98,200,7621969089430862048,7621969089430753501
1663743844825583149,19.98,15,7621969089430862048,7621969089430758803
1663743844825583149,19.98,112,7621969089430862048,7621969089430012886
1663743844825583149,19.98,10,7621969089430949922,7621969089430012886
1663743844825583149,19.98,10,7621969089431060537,7621969089430012886
1663743844825583149,19.98,100,7621969089431134424,7621969089430012886
1663743844825583149,19.98,2000,7621969089431134479,7621969089430012886
1663743844825583149,19.98,24,7621969089431151787,7621969089430012886
1663743844825583149,19.98,200,7621969089430837291,7621969089430012886
1663743844826196564,19.98,45,7621969089430855273,7621969089430012886
1663743844826196564,19.98,1377,7621969089430855273,7621969089430012886
1663743844826196564,19.98,2000,7621969089430855273,7621969089430762215
1663743844826196564,19.98,2940,7621969089430855273,7621969089430352662
1663743844826196564,19.98,1500,7621969089430866230,7621969089430352662
1663743844826196564,19.98,560,7621969089430876291,7621969089430352662
1663743844826196564,19.98,440,7621969089430876291,7621969089430222008
1663743844826196564,19.98,21,7621969089430897178,7621969089430222008
1663743844826196564,19.98,100,7621969089430922346,7621969089430222008
1663743844826196564,19.98,10,7621969089431014730,7621969089430222008
1663743844826196564,19.98,704,7621969089431134000,7621969089430222008
1663743844826196564,19.98,500,7621969089431148501,7621969089430222008
1663743844827072615,19.98,447,7621969089431153042,7621969089430222008
1663743844829042792,19.98,247,7621969089431153105,7621969089431153048
1663743844829042792,19.98,10,7621969089431153106,7621969089431153048
1663743844829042792,19.98,210,7621969089431153106,7621969089431153048
1663743844829042792,19.98,484,7621969089431153121,7621969089431153048
1663743846680822996,19.99,10,7621969089430877054,7621969089431162325
1663743846680822996,19.99,10,7621969089430901002,7621969089431162325
1663743846680822996,19.99,10,7621969089430929441,7621969089431162325
1663743846680822996,19.99,1410,7621969089431108599,7621969089431162325
1663743847187209993,19.99,1817,7621969089431108599,7621969089431162325
1663743847187209993,19.99,1020,7621969089431108599,7621969089431162325
1663743847187209993,19.99,2501,7621969089431108599,7621969089431162376
1663743847187209993,19.99,4427,7621969089431108599,7621969089431163526
1663743847188038979,19.99,2375,7621969089431108599,7621969089431163526
1663743847193107825,19.99,5198,7621969089431108599,7621969089431163526
1663743847193107825,19.99,1252,7621969089431108599,7621969089431168695
1663743847193107825,19.99,1000,7621969089431103954,7621969089431168695
1663743847193107825,19.99,20,7621969089431002949,7621969089431168695
1663743847193107825,20.0,1,7621969089430805426,7621969089431168695
1663743847193107825,20.0,1,7621969089430805426,7621969089431168695
1663743847193107825,20.0,50,7621969089430805426,7621969089431168695
1663743847193107825,20.0,177,7621969089430805426,7621969089431168695
1663743848014134584,19.99,2400,7621969089431172889,7621969089431161515
1663743848095257886,19.99,1,7621969089431172895,7621969089431161515
